成交时间,成交价,价格变动,成交量（手）,成交额（元）,性质
09:30:02,3.26,-0.010000000000000231,264,86064.0,中性盘
09:30:04,3.26,0.0,779,254345.0,卖盘
09:30:08,3.25,-0.009999999999999787,958,312603.0,卖盘
09:30:11,3.26,0.009999999999999787,455,148058.0,中性盘
09:30:14,3.26,0.0,834,271673.0,卖盘
09:30:18,3.25,-0.009999999999999787,148,48113.0,卖盘
09:30:21,3.25,0.0,87,28275.0,卖盘
09:30:24,3.25,0.0,68,22121.0,卖盘
09:30:27,3.24,-0.009999999999999787,400,129683.0,卖盘
09:30:30,3.24,0.0,276,89484.0,卖盘
09:30:33,3.24,0.0,960,311039.0,卖盘
09:30:36,3.24,0.0,314,101462.0,买盘
09:30:39,3.24,0.0,370,119760.0,买盘
09:30:42,3.24,0.0,495,160452.0,买盘
09:30:45,3.24,0.0,51,16552.0,卖盘
09:30:48,3.24,0.0,434,140931.0,卖盘
09:30:54,3.25,0.009999999999999787,232,75391.0,买盘
09:30:58,3.25,0.0,20,6500.0,买盘
09:31:03,3.25,0.0,219,71175.0,买盘
09:31:07,3.24,-0.009999999999999787,267,86745.0,卖盘
09:31:12,3.25,0.009999999999999787,62,20140.0,买盘
09:31:15,3.25,0.0,28,9090.0,卖盘
09:31:18,3.24,-0.009999999999999787,108,34992.0,卖盘
09:31:20,3.25,0.009999999999999787,36,11700.0,买盘
09:31:24,3.24,-0.009999999999999787,236,76483.0,卖盘
09:31:27,3.24,0.0,37,11990.0,卖盘
09:31:30,3.24,0.0,71,23004.0,卖盘
09:31:33,3.24,0.0,125,40500.0,卖盘
09:31:36,3.25,0.009999999999999787,97,31477.0,买盘
09:31:39,3.24,-0.009999999999999787,58,18792.0,卖盘
09:31:45,3.24,0.0,207,67118.0,卖盘
09:31:48,3.24,0.0,356,115344.0,卖盘
09:31:51,3.24,0.0,67,21708.0,卖盘
09:31:57,3.23,-0.010000000000000231,112,36176.0,卖盘
09:31:58,3.24,0.010000000000000231,85,27460.0,买盘
09:32:05,3.23,0.0,177,57201.0,卖盘
09:32:08,3.23,0.0,203,65535.0,卖盘
09:32:12,3.23,0.0,125,40295.0,买盘
09:32:15,3.23,0.0,14,4522.0,买盘
09:32:18,3.23,0.0,56,18048.0,买盘
09:32:24,3.22,-0.009999999999999787,525,169405.0,卖盘
09:32:27,3.23,0.009999999999999787,37,11947.0,买盘
09:32:30,3.22,-0.009999999999999787,117,37690.0,卖盘
09:32:33,3.22,0.0,92,29635.0,卖盘
09:32:36,3.22,0.0,366,117902.0,卖盘
09:32:40,3.22,0.0,32,10304.0,卖盘
09:32:44,3.22,0.0,495,159393.0,卖盘
09:32:47,3.22,0.0,109,35117.0,卖盘
09:32:50,3.23,0.009999999999999787,22,7106.0,买盘
09:32:54,3.23,0.0,184,59262.0,买盘
09:32:58,3.22,-0.009999999999999787,388,125012.0,卖盘
09:33:03,3.22,0.0,158,50876.0,卖盘
09:33:06,3.22,0.0,125,40306.0,卖盘
09:33:09,3.23,0.009999999999999787,201,64823.0,买盘
09:33:12,3.22,-0.009999999999999787,132,42616.0,卖盘
09:33:15,3.23,0.009999999999999787,302,97546.0,买盘
09:33:18,3.23,0.0,296,95608.0,买盘
09:33:24,3.23,0.0,451,145593.0,买盘
09:33:27,3.23,0.0,63,20349.0,卖盘
09:33:30,3.23,0.0,98,31654.0,卖盘
09:33:33,3.23,0.0,290,93679.0,卖盘
09:33:41,3.23,0.0,45,14535.0,卖盘
09:33:44,3.23,0.0,27,8721.0,卖盘
09:33:47,3.23,0.0,115,37146.0,卖盘
09:33:51,3.23,0.0,6,1938.0,卖盘
09:33:54,3.23,0.0,436,141074.0,卖盘
09:33:57,3.23,0.0,153,49419.0,卖盘
09:34:00,3.23,0.0,82,26486.0,卖盘
09:34:03,3.23,0.0,411,132753.0,卖盘
09:34:06,3.23,0.0,37,11951.0,卖盘
09:34:09,3.23,0.0,49,15827.0,卖盘
09:34:12,3.23,0.0,85,27455.0,卖盘
09:34:15,3.23,0.0,241,77843.0,卖盘
09:34:21,3.23,0.0,23,7429.0,卖盘
09:34:29,3.23,0.0,2,646.0,卖盘
09:34:31,3.23,0.0,54,17442.0,卖盘
09:34:38,3.24,0.010000000000000231,121,39102.0,买盘
09:34:41,3.23,-0.010000000000000231,220,71060.0,卖盘
09:34:44,3.24,0.010000000000000231,5,1620.0,买盘
09:34:51,3.23,-0.010000000000000231,10,3230.0,卖盘
09:34:54,3.24,0.010000000000000231,121,39138.0,买盘
09:34:57,3.23,-0.010000000000000231,39,12597.0,卖盘
09:35:00,3.24,0.010000000000000231,58,18792.0,买盘
09:35:03,3.24,0.0,30,9720.0,买盘
09:35:06,3.24,0.0,361,116963.0,买盘
09:35:09,3.23,-0.010000000000000231,30,9690.0,卖盘
09:35:12,3.24,0.010000000000000231,6,1944.0,买盘
09:35:15,3.24,0.0,297,95993.0,买盘
09:35:19,3.24,0.0,65,21055.0,买盘
09:35:26,3.24,0.0,195,63180.0,买盘
09:35:29,3.24,0.0,4,1296.0,卖盘
09:35:32,3.24,0.0,5,1620.0,卖盘
09:35:35,3.25,0.009999999999999787,32,10391.0,买盘
09:35:38,3.24,-0.009999999999999787,3,972.0,卖盘
09:35:42,3.25,0.009999999999999787,5,1625.0,买盘
09:35:48,3.25,0.0,46,14909.0,买盘
09:35:51,3.24,-0.009999999999999787,15,4870.0,卖盘
09:35:54,3.24,0.0,24,7797.0,卖盘
09:35:57,3.24,0.0,2,648.0,卖盘
09:36:00,3.24,0.0,110,35640.0,卖盘
09:36:03,3.24,0.0,58,18792.0,卖盘
09:36:06,3.24,0.0,27,8750.0,卖盘
09:36:09,3.24,0.0,1,324.0,卖盘
09:36:12,3.25,0.009999999999999787,79,25606.0,买盘
09:36:15,3.24,-0.009999999999999787,480,155520.0,卖盘
09:36:20,3.24,0.0,151,48938.0,卖盘
09:36:23,3.24,0.0,480,155511.0,卖盘
09:36:26,3.23,-0.010000000000000231,44,14215.0,卖盘
09:36:29,3.24,0.010000000000000231,142,46008.0,买盘
09:36:32,3.24,0.0,29,9408.0,买盘
09:36:36,3.24,0.0,62,20088.0,卖盘
09:36:39,3.24,0.0,13,4212.0,卖盘
09:36:42,3.24,0.0,101,32724.0,卖盘
09:36:45,3.24,0.0,185,59940.0,卖盘
09:36:48,3.24,0.0,25,8101.0,卖盘
09:36:51,3.24,0.0,32,10368.0,卖盘
09:36:54,3.25,0.009999999999999787,19,6165.0,买盘
09:36:57,3.24,-0.009999999999999787,4,1296.0,卖盘
09:37:00,3.24,0.0,43,13932.0,卖盘
09:37:03,3.24,0.0,25,8106.0,卖盘
09:37:07,3.24,0.0,107,34771.0,卖盘
09:37:10,3.24,0.0,16,5191.0,卖盘
09:37:17,3.24,0.0,20,6489.0,卖盘
09:37:20,3.25,0.009999999999999787,4649,1511209.0,买盘
09:37:23,3.25,0.0,538,175015.0,卖盘
09:37:51,3.26,0.0,9,2934.0,买盘
09:37:54,3.26,0.0,759,247434.0,买盘
09:37:57,3.26,0.0,687,223962.0,买盘
09:38:04,3.27,0.010000000000000231,35,11445.0,买盘
09:38:08,3.27,0.0,12,3924.0,买盘
09:38:14,3.26,-0.010000000000000231,215,70093.0,卖盘
09:38:17,3.26,0.0,198,64548.0,买盘
09:38:20,3.26,0.0,31,10106.0,买盘
09:38:24,3.26,0.0,77,25102.0,买盘
09:38:27,3.26,0.0,30,9780.0,买盘
09:38:30,3.26,0.0,189,61614.0,买盘
09:38:33,3.26,0.0,124,40424.0,买盘
09:38:36,3.26,0.0,106,34556.0,买盘
09:38:39,3.26,0.0,4,1304.0,买盘
09:38:42,3.26,0.0,310,101059.0,买盘
09:38:48,3.25,-0.009999999999999787,618,201252.0,卖盘
09:38:51,3.26,0.009999999999999787,105,34230.0,买盘
09:38:55,3.26,0.0,92,29992.0,买盘
09:38:57,3.26,0.0,360,117380.0,买盘
09:39:02,3.26,0.0,4,1304.0,买盘
09:39:05,3.26,0.0,122,39772.0,买盘
09:39:08,3.26,0.0,425,138550.0,买盘
09:39:11,3.25,-0.009999999999999787,1294,421474.0,卖盘
09:39:14,3.26,0.009999999999999787,170,55420.0,买盘
09:39:17,3.26,0.0,846,275796.0,买盘
09:39:20,3.26,0.0,50,16300.0,卖盘
09:39:33,3.26,0.0,5,1630.0,卖盘
09:39:36,3.27,0.010000000000000231,26,8492.0,买盘
09:39:39,3.26,-0.010000000000000231,52,16952.0,卖盘
09:39:42,3.27,0.010000000000000231,415,135645.0,买盘
09:39:48,3.27,0.0,21,6867.0,买盘
09:39:55,3.27,0.0,65,21255.0,买盘
09:39:59,3.27,0.0,124,40438.0,买盘
09:40:02,3.27,0.0,137,44796.0,买盘
09:40:05,3.26,-0.010000000000000231,16,5216.0,卖盘
09:40:08,3.27,0.010000000000000231,1,327.0,买盘
09:40:11,3.27,0.0,70,22890.0,买盘
09:40:14,3.27,0.0,11,3597.0,买盘
09:40:18,3.27,0.0,11,3597.0,买盘
09:40:21,3.27,0.0,20,6524.0,买盘
09:40:27,3.27,0.0,38,12426.0,买盘
09:40:30,3.27,0.0,2611,853478.0,买盘
09:40:33,3.26,-0.010000000000000231,195,63745.0,卖盘
09:40:36,3.27,0.010000000000000231,267,87309.0,买盘
09:40:39,3.27,0.0,193,63111.0,买盘
09:40:42,3.27,0.0,1519,496713.0,买盘
09:40:45,3.27,0.0,288,94176.0,买盘
09:40:49,3.27,0.0,28,9155.0,买盘
09:40:52,3.27,0.0,282,92114.0,买盘
09:40:56,3.27,0.0,337,110197.0,买盘
09:40:59,3.27,0.0,52,17003.0,买盘
09:41:02,3.26,-0.010000000000000231,1637,535182.0,卖盘
09:41:05,3.27,0.010000000000000231,222,72594.0,买盘
09:41:08,3.26,-0.010000000000000231,955,311330.0,卖盘
09:41:12,3.27,0.010000000000000231,15,4905.0,买盘
09:41:15,3.27,0.0,515,168405.0,买盘
09:41:18,3.27,0.0,100,32700.0,买盘
09:41:21,3.27,0.0,42,13734.0,买盘
09:41:24,3.27,0.0,1,327.0,买盘
09:41:27,3.27,0.0,197,64417.0,买盘
09:41:33,3.26,-0.010000000000000231,4,1304.0,卖盘
09:41:36,3.27,0.010000000000000231,14,4578.0,买盘
09:41:43,3.26,-0.010000000000000231,32,10462.0,卖盘
09:41:45,3.27,0.010000000000000231,183,59841.0,买盘
09:41:49,3.26,-0.010000000000000231,7,2282.0,卖盘
09:41:53,3.27,0.010000000000000231,82,26762.0,买盘
09:41:56,3.27,0.0,1197,391377.0,买盘
09:41:59,3.27,0.0,70,22887.0,买盘
09:42:02,3.26,-0.010000000000000231,1,326.0,卖盘
09:42:05,3.27,0.010000000000000231,516,168532.0,买盘
09:42:09,3.27,0.0,3,981.0,买盘
09:42:12,3.27,0.0,282,92214.0,买盘
09:42:18,3.27,0.0,141,46107.0,买盘
09:42:21,3.27,0.0,1019,333213.0,买盘
09:42:24,3.27,0.0,319,104313.0,卖盘
09:42:27,3.27,0.0,23,7521.0,卖盘
09:42:30,3.27,0.0,21,6883.0,卖盘
09:42:37,3.28,0.009999999999999787,117,38347.0,买盘
09:42:40,3.27,-0.009999999999999787,32,10464.0,卖盘
09:42:44,3.27,0.0,7,2295.0,卖盘
09:42:47,3.28,0.009999999999999787,49,16031.0,买盘
09:42:50,3.27,-0.009999999999999787,223,72921.0,卖盘
09:42:53,3.28,0.009999999999999787,756,247968.0,买盘
09:42:56,3.28,0.0,108,35424.0,买盘
09:42:59,3.28,0.0,3,984.0,买盘
09:43:03,3.27,-0.009999999999999787,387,126836.0,卖盘
09:43:06,3.28,0.009999999999999787,6,1967.0,买盘
09:43:09,3.28,0.0,40,13110.0,买盘
09:43:12,3.28,0.0,108,35424.0,买盘
09:43:15,3.28,0.0,269,88232.0,买盘
09:43:18,3.28,0.0,752,246639.0,买盘
09:43:21,3.28,0.0,116,38048.0,买盘
09:43:24,3.28,0.0,53,17384.0,买盘
09:43:27,3.28,0.0,50,16400.0,买盘
09:43:30,3.28,0.0,300,98260.0,买盘
09:43:34,3.27,-0.009999999999999787,64,20976.0,卖盘
09:43:37,3.28,0.009999999999999787,388,127264.0,买盘
09:43:40,3.28,0.0,168,55104.0,买盘
09:43:44,3.28,0.0,30,9840.0,买盘
09:43:50,3.27,0.0,4997,1633590.0,卖盘
09:43:53,3.27,0.0,773,252771.0,买盘
09:43:56,3.27,0.0,364,118903.0,买盘
09:44:00,3.26,-0.010000000000000231,57,18629.0,卖盘
09:44:03,3.27,0.010000000000000231,7,2289.0,买盘
09:44:06,3.27,0.0,26,8486.0,买盘
09:44:09,3.26,-0.010000000000000231,27,8828.0,卖盘
09:44:12,3.27,0.010000000000000231,323,105621.0,买盘
09:44:15,3.27,0.0,538,175926.0,买盘
09:44:18,3.27,0.0,19,6197.0,买盘
09:44:21,3.27,0.0,24,7848.0,买盘
09:44:25,3.27,0.0,43,14061.0,买盘
09:44:28,3.26,-0.010000000000000231,46,15039.0,卖盘
09:44:30,3.27,0.010000000000000231,3,981.0,买盘
09:44:34,3.26,-0.010000000000000231,51,16626.0,卖盘
09:44:44,3.27,0.010000000000000231,44,14388.0,买盘
09:44:47,3.27,0.0,50,16348.0,买盘
09:44:50,3.26,-0.010000000000000231,29,9468.0,卖盘
09:44:57,3.26,0.0,225,73374.0,卖盘
09:45:06,3.27,0.010000000000000231,422,137994.0,买盘
09:45:09,3.27,0.0,300,98100.0,买盘
09:45:12,3.27,0.0,122,39775.0,买盘
09:45:15,3.26,-0.010000000000000231,13,4249.0,卖盘
09:45:18,3.27,0.010000000000000231,20,6540.0,买盘
09:45:21,3.26,-0.010000000000000231,10,3260.0,卖盘
09:45:25,3.27,0.010000000000000231,1399,457473.0,买盘
09:45:28,3.27,0.0,105,34335.0,卖盘
09:45:32,3.28,0.009999999999999787,60,19623.0,买盘
09:45:35,3.28,0.0,372,121822.0,买盘
09:45:38,3.28,0.0,3,984.0,买盘
09:45:41,3.28,0.0,1,328.0,买盘
09:45:47,3.28,0.0,19,6232.0,买盘
09:45:50,3.28,0.0,696,228288.0,买盘
09:45:54,3.27,-0.009999999999999787,90,29487.0,卖盘
09:45:57,3.28,0.009999999999999787,16,5248.0,买盘
09:46:00,3.28,0.0,8,2624.0,买盘
09:46:03,3.27,-0.009999999999999787,11,3607.0,卖盘
09:46:06,3.28,0.009999999999999787,85,27862.0,买盘
09:46:09,3.28,0.0,249,81652.0,买盘
09:46:15,3.28,0.0,17,5576.0,买盘
09:46:18,3.28,0.0,55,18040.0,买盘
09:46:21,3.28,0.0,123,40344.0,买盘
09:46:25,3.28,0.0,299,98072.0,买盘
09:46:28,3.28,0.0,162,53136.0,买盘
09:46:32,3.28,0.0,261,85608.0,买盘
09:46:35,3.28,0.0,290,94904.0,买盘
09:46:38,3.28,0.0,23,7544.0,买盘
09:46:41,3.28,0.0,8,2624.0,买盘
09:46:44,3.28,0.0,122,40016.0,买盘
09:46:47,3.28,0.0,8,2624.0,买盘
09:46:51,3.27,-0.009999999999999787,16,5232.0,卖盘
09:46:54,3.28,0.009999999999999787,19,6232.0,买盘
09:46:57,3.28,0.0,8,2623.0,买盘
09:47:00,3.28,0.0,133,43624.0,买盘
09:47:03,3.28,0.0,309,101152.0,买盘
09:47:06,3.28,0.0,161,52792.0,买盘
09:47:09,3.28,0.0,96,31466.0,买盘
09:47:12,3.28,0.0,105,34435.0,买盘
09:47:15,3.27,-0.009999999999999787,64,20947.0,卖盘
09:47:18,3.27,0.0,16,5232.0,卖盘
09:47:25,3.27,0.0,227,74423.0,卖盘
09:47:29,3.28,0.009999999999999787,271,88888.0,买盘
09:47:32,3.28,0.0,138,45264.0,买盘
09:47:35,3.28,0.0,241,79048.0,买盘
09:47:38,3.28,0.0,654,214512.0,买盘
09:47:41,3.28,0.0,33,10824.0,买盘
09:47:45,3.28,0.0,818,267488.0,买盘
09:47:51,3.27,-0.009999999999999787,83,27216.0,卖盘
09:47:54,3.28,0.009999999999999787,332,108866.0,买盘
09:48:00,3.28,0.0,1478,484784.0,买盘
09:48:03,3.28,0.0,677,222056.0,卖盘
09:48:06,3.27,-0.009999999999999787,2,654.0,卖盘
09:48:09,3.28,0.009999999999999787,8,2624.0,买盘
09:48:16,3.27,-0.009999999999999787,22,7206.0,卖盘
09:48:19,3.27,0.0,625,204955.0,卖盘
09:48:26,3.28,0.009999999999999787,309,101352.0,买盘
09:48:29,3.27,-0.009999999999999787,33,10791.0,卖盘
09:48:32,3.28,0.009999999999999787,17,5576.0,买盘
09:48:35,3.28,0.0,1,328.0,买盘
09:48:38,3.28,0.0,20,6560.0,买盘
09:48:42,3.28,0.0,71,23288.0,买盘
09:48:45,3.28,0.0,140,45860.0,买盘
09:48:48,3.28,0.0,372,122015.0,买盘
09:48:51,3.28,0.0,10,3280.0,买盘
09:48:54,3.28,0.0,48,15744.0,买盘
09:49:00,3.28,0.0,17,5576.0,买盘
09:49:03,3.28,0.0,192,62844.0,买盘
09:49:06,3.28,0.0,54,17691.0,买盘
09:49:09,3.27,-0.009999999999999787,2143,700647.0,卖盘
09:49:13,3.27,0.0,80,26133.0,买盘
09:49:22,3.26,-0.010000000000000231,18,5868.0,卖盘
09:49:26,3.27,0.010000000000000231,261,85305.0,买盘
09:49:29,3.27,0.0,33,10791.0,买盘
09:49:32,3.26,-0.010000000000000231,312,101943.0,卖盘
09:49:35,3.27,0.010000000000000231,20,6534.0,买盘
09:49:39,3.26,-0.010000000000000231,1,326.0,卖盘
09:49:45,3.26,0.0,6,1961.0,卖盘
09:49:48,3.26,0.0,2698,879293.0,卖盘
09:49:54,3.26,0.0,29,9454.0,买盘
09:49:57,3.25,-0.009999999999999787,331,107875.0,卖盘
09:50:00,3.25,0.0,129,41929.0,卖盘
09:50:03,3.25,0.0,1300,422500.0,卖盘
09:50:06,3.25,0.0,5,1625.0,买盘
09:50:10,3.25,0.0,225,73116.0,买盘
09:50:13,3.25,0.0,97,31459.0,买盘
09:50:17,3.24,-0.009999999999999787,151,48928.0,卖盘
09:50:20,3.25,0.009999999999999787,116,37592.0,买盘
09:50:23,3.25,0.0,70,22750.0,买盘
09:50:26,3.25,0.0,79,25675.0,买盘
09:50:29,3.25,0.0,207,67275.0,买盘
09:50:32,3.25,0.0,20,6500.0,买盘
09:50:36,3.25,0.0,582,189150.0,买盘
09:50:39,3.25,0.0,23,7468.0,买盘
09:50:42,3.25,0.0,185,60125.0,卖盘
09:50:45,3.25,0.0,45,14625.0,卖盘
09:50:51,3.26,0.009999999999999787,5,1630.0,买盘
09:50:54,3.25,-0.009999999999999787,52,16900.0,卖盘
09:51:07,3.26,0.009999999999999787,4,1304.0,买盘
09:51:17,3.25,-0.009999999999999787,104,33800.0,卖盘
09:51:20,3.26,0.009999999999999787,1,326.0,买盘
09:51:23,3.25,-0.009999999999999787,80,26000.0,卖盘
09:51:26,3.25,0.0,12,3900.0,卖盘
09:51:29,3.25,0.0,47,15275.0,卖盘
09:51:32,3.26,0.009999999999999787,204,66504.0,买盘
09:51:36,3.25,-0.009999999999999787,8,2600.0,卖盘
09:51:39,3.25,0.0,3,975.0,卖盘
09:51:45,3.26,0.009999999999999787,17,5541.0,买盘
09:51:48,3.25,-0.009999999999999787,7,2280.0,卖盘
09:51:51,3.26,0.009999999999999787,1297,422696.0,买盘
09:51:54,3.26,0.0,235,76610.0,买盘
09:51:57,3.26,0.0,23,7498.0,买盘
09:52:07,3.26,0.0,47,15322.0,买盘
09:52:14,3.26,0.0,39,12682.0,买盘
09:52:17,3.25,-0.009999999999999787,5,1625.0,卖盘
09:52:20,3.26,0.009999999999999787,201,65525.0,买盘
09:52:23,3.25,-0.009999999999999787,4,1303.0,卖盘
09:52:26,3.25,0.0,88,28600.0,卖盘
09:52:29,3.25,0.0,30,9750.0,卖盘
09:52:33,3.26,0.009999999999999787,69,22493.0,买盘
09:52:36,3.26,0.0,227,74002.0,买盘
09:52:39,3.26,0.0,361,117686.0,买盘
09:52:42,3.26,0.0,182,59327.0,买盘
09:52:45,3.26,0.0,61,19886.0,买盘
09:52:48,3.25,-0.009999999999999787,83,27028.0,卖盘
09:52:58,3.25,0.0,50,16250.0,卖盘
09:53:01,3.26,0.009999999999999787,3,978.0,买盘
09:53:04,3.26,0.0,37,12062.0,买盘
09:53:07,3.26,0.0,10,3260.0,买盘
09:53:14,3.26,0.0,26,8476.0,买盘
09:53:20,3.25,-0.009999999999999787,20,6500.0,卖盘
09:53:33,3.26,0.009999999999999787,283,92258.0,买盘
09:53:36,3.26,0.0,384,125184.0,买盘
09:53:39,3.26,0.0,110,35860.0,买盘
09:53:42,3.26,0.0,166,54116.0,买盘
09:53:45,3.26,0.0,521,169809.0,买盘
09:53:48,3.26,0.0,426,138876.0,买盘
09:53:51,3.26,0.0,216,70416.0,买盘
09:53:54,3.26,0.0,351,114426.0,买盘
09:53:58,3.26,0.0,8,2608.0,卖盘
09:54:01,3.27,0.010000000000000231,1,327.0,买盘
09:54:04,3.27,0.0,5,1635.0,买盘
09:54:17,3.26,-0.010000000000000231,44,14344.0,卖盘
09:54:20,3.26,0.0,68,22196.0,卖盘
09:54:24,3.27,0.010000000000000231,216,70602.0,买盘
09:54:36,3.26,-0.010000000000000231,31,10106.0,卖盘
09:54:39,3.26,0.0,215,70090.0,卖盘
09:54:42,3.27,0.010000000000000231,20,6522.0,买盘
09:54:45,3.26,-0.010000000000000231,49,15974.0,卖盘
09:54:48,3.26,0.0,58,18908.0,卖盘
09:54:51,3.26,0.0,103,33578.0,买盘
09:54:55,3.26,0.0,30,9780.0,买盘
09:55:02,3.26,0.0,4,1304.0,买盘
09:55:05,3.26,0.0,21,6846.0,买盘
09:55:11,3.26,0.0,50,16300.0,买盘
09:55:17,3.26,0.0,9,2934.0,买盘
09:55:21,3.26,0.0,167,54442.0,买盘
09:55:24,3.26,0.0,2,652.0,买盘
09:55:33,3.26,0.0,1,326.0,买盘
09:55:36,3.26,0.0,5,1630.0,买盘
09:55:39,3.25,-0.009999999999999787,5,1625.0,卖盘
09:55:42,3.26,0.009999999999999787,47,15322.0,买盘
09:55:49,3.26,0.0,346,112796.0,买盘
09:55:52,3.26,0.0,26,8476.0,买盘
09:55:56,3.26,0.0,348,113448.0,买盘
09:55:59,3.26,0.0,168,54768.0,买盘
09:56:02,3.26,0.0,580,189080.0,买盘
09:56:08,3.26,0.0,14,4564.0,卖盘
09:56:15,3.26,0.0,31,10106.0,卖盘
09:56:18,3.26,0.0,30,9780.0,卖盘
09:56:21,3.27,0.010000000000000231,268,87636.0,买盘
09:56:24,3.26,-0.010000000000000231,50,16300.0,卖盘
09:56:27,3.26,0.0,100,32600.0,卖盘
09:56:30,3.26,0.0,204,66703.0,卖盘
09:56:39,3.27,0.010000000000000231,138,45111.0,买盘
09:56:53,3.27,0.0,15,4905.0,买盘
09:56:56,3.27,0.0,1,327.0,买盘
09:56:59,3.26,-0.010000000000000231,36,11742.0,卖盘
09:57:02,3.27,0.010000000000000231,24,7848.0,买盘
09:57:05,3.26,-0.010000000000000231,72,23529.0,卖盘
09:57:12,3.27,0.010000000000000231,20,6540.0,买盘
09:57:15,3.26,-0.010000000000000231,49,15974.0,卖盘
09:57:18,3.26,0.0,73,23862.0,卖盘
09:57:24,3.27,0.010000000000000231,31,10137.0,买盘
09:57:27,3.27,0.0,202,65891.0,买盘
09:57:33,3.26,-0.010000000000000231,178,58028.0,卖盘
09:57:36,3.25,-0.009999999999999787,560,182472.0,卖盘
09:57:39,3.26,0.009999999999999787,115,37490.0,买盘
09:57:42,3.26,0.0,59,19234.0,买盘
09:57:46,3.26,0.0,14,4564.0,买盘
09:57:49,3.26,0.0,68,22161.0,买盘
09:57:53,3.25,-0.009999999999999787,88,28600.0,卖盘
09:57:56,3.26,0.009999999999999787,9,2934.0,买盘
09:57:59,3.26,0.0,23,7498.0,买盘
09:58:02,3.26,0.0,3,978.0,买盘
09:58:05,3.25,-0.009999999999999787,15,4875.0,卖盘
09:58:12,3.25,0.0,52,16900.0,卖盘
09:58:18,3.25,0.0,1,325.0,卖盘
09:58:21,3.26,0.009999999999999787,120,39120.0,买盘
09:58:24,3.25,-0.009999999999999787,2,650.0,卖盘
09:58:27,3.26,0.009999999999999787,33,10753.0,买盘
09:58:30,3.26,0.0,40,13040.0,买盘
09:58:33,3.25,-0.009999999999999787,99,32175.0,卖盘
09:58:36,3.26,0.009999999999999787,20,6520.0,买盘
09:58:40,3.26,0.0,20,6520.0,买盘
09:58:43,3.26,0.0,52,16903.0,买盘
09:58:56,3.26,0.0,44,14315.0,买盘
09:58:59,3.25,-0.009999999999999787,5,1625.0,卖盘
09:59:02,3.25,0.0,6,1950.0,卖盘
09:59:06,3.25,0.0,60,19500.0,卖盘
09:59:12,3.25,0.0,53,17245.0,卖盘
09:59:15,3.25,0.0,6,1950.0,卖盘
09:59:18,3.25,0.0,82,26650.0,卖盘
09:59:21,3.25,0.0,749,243425.0,卖盘
09:59:24,3.25,0.0,4,1300.0,卖盘
09:59:27,3.25,0.0,52,16900.0,卖盘
09:59:30,3.26,0.009999999999999787,30,9780.0,买盘
09:59:34,3.25,-0.009999999999999787,206,66950.0,卖盘
09:59:37,3.26,0.009999999999999787,1,326.0,买盘
09:59:40,3.26,0.0,1,326.0,买盘
09:59:43,3.25,-0.009999999999999787,2,650.0,卖盘
09:59:47,3.25,0.0,20,6500.0,卖盘
09:59:50,3.25,0.0,10,3250.0,卖盘
09:59:53,3.26,0.009999999999999787,10,3260.0,买盘
09:59:56,3.26,0.0,55,17880.0,买盘
09:59:59,3.26,0.0,13,4238.0,买盘
10:00:03,3.25,-0.009999999999999787,140,45500.0,卖盘
10:00:06,3.25,0.0,146,47450.0,卖盘
10:00:09,3.25,0.0,3104,1008800.0,卖盘
10:00:12,3.24,-0.009999999999999787,8061,2610014.0,卖盘
10:00:15,3.23,-0.010000000000000231,119,38443.0,卖盘
10:00:18,3.23,0.0,911,294253.0,卖盘
10:00:21,3.23,0.0,243,78554.0,卖盘
10:00:24,3.23,0.0,82,26486.0,卖盘
10:00:27,3.23,0.0,165,53296.0,卖盘
10:00:31,3.23,0.0,1,323.0,卖盘
10:00:34,3.24,0.010000000000000231,1,324.0,买盘
10:00:37,3.24,0.0,944,304965.0,买盘
10:00:44,3.24,0.0,5,1620.0,买盘
10:00:53,3.24,0.0,116,37584.0,买盘
10:00:56,3.24,0.0,93,30122.0,买盘
10:01:00,3.23,-0.010000000000000231,44,14212.0,卖盘
10:01:03,3.24,0.010000000000000231,182,58968.0,买盘
10:01:06,3.24,0.0,225,72900.0,买盘
10:01:09,3.24,0.0,31,10044.0,买盘
10:01:12,3.24,0.0,484,156816.0,买盘
10:01:15,3.24,0.0,5,1620.0,买盘
10:01:18,3.24,0.0,2,648.0,买盘
10:01:21,3.24,0.0,2,648.0,买盘
10:01:24,3.24,0.0,20,6480.0,买盘
10:01:31,3.24,0.0,282,91368.0,买盘
10:01:38,3.24,0.0,49,15876.0,买盘
10:01:41,3.24,0.0,58,18792.0,买盘
10:01:54,3.24,0.0,51,16524.0,买盘
10:01:57,3.24,0.0,55,17813.0,买盘
10:02:00,3.23,-0.010000000000000231,53,17150.0,卖盘
10:02:03,3.24,0.010000000000000231,72,23328.0,买盘
10:02:09,3.23,-0.010000000000000231,43,13920.0,卖盘
10:02:12,3.24,0.010000000000000231,80,25920.0,买盘
10:02:15,3.24,0.0,4,1296.0,买盘
10:02:18,3.24,0.0,852,276048.0,买盘
10:02:32,3.24,0.0,27,8748.0,卖盘
10:02:35,3.24,0.0,9,2916.0,卖盘
10:02:41,3.24,0.0,4,1296.0,卖盘
10:02:44,3.24,0.0,10,3240.0,卖盘
10:02:48,3.25,0.009999999999999787,103,33375.0,买盘
10:02:51,3.24,-0.009999999999999787,13,4212.0,卖盘
10:02:54,3.24,0.0,69,22356.0,卖盘
10:02:57,3.24,0.0,21,6804.0,卖盘
10:03:00,3.24,0.0,19,6156.0,卖盘
10:03:03,3.25,0.009999999999999787,29,9405.0,买盘
10:03:09,3.24,-0.009999999999999787,228,73872.0,卖盘
10:03:16,3.25,0.009999999999999787,26,8450.0,买盘
10:03:23,3.25,0.0,67,21775.0,买盘
10:03:26,3.24,-0.009999999999999787,3,972.0,卖盘
10:03:32,3.25,0.009999999999999787,5,1625.0,买盘
10:03:35,3.24,-0.009999999999999787,6,1944.0,卖盘
10:03:38,3.25,0.009999999999999787,62,20150.0,买盘
10:03:42,3.25,0.0,105,34125.0,买盘
10:03:45,3.25,0.0,11,3567.0,买盘
10:03:48,3.24,-0.009999999999999787,9,2916.0,卖盘
10:03:51,3.24,0.0,10,3240.0,卖盘
10:03:54,3.25,0.009999999999999787,2,650.0,买盘
10:03:57,3.24,-0.009999999999999787,50,16200.0,卖盘
10:04:03,3.24,0.0,11,3564.0,卖盘
10:04:10,3.24,0.0,29,9396.0,卖盘
10:04:13,3.24,0.0,255,82620.0,卖盘
10:04:17,3.24,0.0,6,1944.0,卖盘
10:04:20,3.25,0.009999999999999787,462,150149.0,买盘
10:04:23,3.25,0.0,2,650.0,买盘
10:04:26,3.25,0.0,2,650.0,买盘
10:04:29,3.25,0.0,36,11700.0,买盘
10:04:33,3.25,0.0,32,10400.0,买盘
10:04:39,3.25,0.0,232,75170.0,买盘
10:04:45,3.24,-0.009999999999999787,2,649.0,卖盘
10:04:48,3.25,0.009999999999999787,1,325.0,买盘
10:04:51,3.25,0.0,19,6165.0,买盘
10:04:54,3.25,0.0,12,3900.0,买盘
10:04:57,3.25,0.0,1,325.0,买盘
10:05:01,3.25,0.0,1,325.0,买盘
10:05:04,3.25,0.0,2,650.0,买盘
10:05:07,3.25,0.0,178,57850.0,买盘
10:05:11,3.25,0.0,4,1300.0,买盘
10:05:14,3.25,0.0,334,108550.0,买盘
10:05:17,3.25,0.0,5,1625.0,买盘
10:05:20,3.25,0.0,6,1950.0,买盘
10:05:23,3.25,0.0,2,650.0,买盘
10:05:33,3.25,0.0,7,2275.0,买盘
10:05:36,3.24,-0.009999999999999787,2,649.0,卖盘
10:05:45,3.24,0.0,7,2268.0,卖盘
10:05:54,3.24,0.0,72,23336.0,卖盘
10:05:57,3.24,0.0,71,23004.0,卖盘
10:06:01,3.24,0.0,29,9396.0,卖盘
10:06:04,3.25,0.009999999999999787,30,9750.0,买盘
10:06:08,3.25,0.0,1697,551519.0,买盘
10:06:11,3.25,0.0,261,84762.0,买盘
10:06:14,3.25,0.0,51,16575.0,买盘
10:06:17,3.25,0.0,1,325.0,买盘
10:06:24,3.25,0.0,30,9750.0,买盘
10:06:27,3.25,0.0,1,325.0,买盘
10:06:30,3.25,0.0,3,975.0,买盘
10:06:33,3.25,0.0,26,8450.0,买盘
10:06:36,3.25,0.0,11,3575.0,买盘
10:06:42,3.25,0.0,22,7140.0,买盘
10:06:45,3.25,0.0,2363,767975.0,买盘
10:06:48,3.25,0.0,30,9722.0,买盘
10:06:52,3.25,0.0,53,17191.0,买盘
10:06:55,3.25,0.0,53,17224.0,买盘
10:06:58,3.25,0.0,33,10725.0,买盘
10:07:02,3.24,-0.009999999999999787,1099,356479.0,卖盘
10:07:05,3.25,0.009999999999999787,85,27625.0,买盘
10:07:08,3.24,-0.009999999999999787,2995,970455.0,卖盘
10:07:11,3.24,0.0,399,129291.0,卖盘
10:07:14,3.25,0.009999999999999787,42,13612.0,买盘
10:07:17,3.25,0.0,400,129983.0,买盘
10:07:21,3.24,-0.009999999999999787,22,7129.0,卖盘
10:07:24,3.24,0.0,4,1296.0,卖盘
10:07:27,3.24,0.0,45,14580.0,卖盘
10:07:30,3.24,0.0,487,157788.0,卖盘
10:07:33,3.24,0.0,575,186362.0,卖盘
10:07:36,3.25,0.009999999999999787,1,325.0,买盘
10:07:39,3.24,-0.009999999999999787,46,14905.0,卖盘
10:07:45,3.24,0.0,1,324.0,卖盘
10:07:49,3.24,0.0,11,3564.0,卖盘
10:07:52,3.25,0.009999999999999787,92,29816.0,买盘
10:07:55,3.25,0.0,24,7783.0,买盘
10:07:59,3.24,-0.009999999999999787,26,8425.0,卖盘
10:08:02,3.25,0.009999999999999787,1,325.0,买盘
10:08:05,3.25,0.0,619,200557.0,买盘
10:08:08,3.25,0.0,18,5833.0,买盘
10:08:11,3.24,-0.009999999999999787,661,214164.0,卖盘
10:08:14,3.24,0.0,88,28512.0,卖盘
10:08:18,3.24,0.0,3,972.0,买盘
10:08:21,3.24,0.0,11,3564.0,买盘
10:08:24,3.23,-0.010000000000000231,10,3230.0,卖盘
10:08:27,3.24,0.010000000000000231,316,102370.0,买盘
10:08:30,3.24,0.0,8,2592.0,买盘
10:08:33,3.24,0.0,419,135396.0,买盘
10:08:36,3.24,0.0,62,20087.0,买盘
10:08:39,3.23,-0.010000000000000231,5,1615.0,卖盘
10:08:42,3.24,0.010000000000000231,4,1296.0,买盘
10:08:45,3.24,0.0,2,648.0,买盘
10:08:49,3.24,0.0,1,324.0,买盘
10:08:56,3.24,0.0,5,1620.0,买盘
10:08:59,3.24,0.0,18,5820.0,买盘
10:09:02,3.24,0.0,4,1296.0,买盘
10:09:05,3.24,0.0,85,27458.0,买盘
10:09:08,3.24,0.0,12,3888.0,买盘
10:09:11,3.24,0.0,70,22680.0,买盘
10:09:15,3.23,-0.010000000000000231,12,3876.0,卖盘
10:09:18,3.24,0.010000000000000231,75,24235.0,买盘
10:09:21,3.24,0.0,3,972.0,买盘
10:09:24,3.24,0.0,12,3888.0,买盘
10:09:27,3.24,0.0,939,303331.0,买盘
10:09:30,3.24,0.0,2,648.0,买盘
10:09:36,3.24,0.0,1,324.0,买盘
10:09:39,3.24,0.0,2,648.0,买盘
10:09:42,3.24,0.0,1,324.0,买盘
10:09:46,3.24,0.0,50,16156.0,买盘
10:09:49,3.24,0.0,3,972.0,买盘
10:09:59,3.24,0.0,2,648.0,买盘
10:10:05,3.24,0.0,3,972.0,买盘
10:10:08,3.24,0.0,3,972.0,买盘
10:10:12,3.24,0.0,2,648.0,买盘
10:10:15,3.24,0.0,12,3888.0,买盘
10:10:18,3.24,0.0,13,4212.0,买盘
10:10:21,3.23,-0.010000000000000231,59,19057.0,卖盘
10:10:24,3.23,0.0,23,7451.0,卖盘
10:10:27,3.23,0.0,13,4199.0,卖盘
10:10:30,3.23,0.0,100,32300.0,卖盘
10:10:37,3.23,0.0,50,16150.0,卖盘
10:10:46,3.24,0.010000000000000231,10,3240.0,买盘
10:10:50,3.23,-0.010000000000000231,113,36611.0,卖盘
10:10:56,3.24,0.010000000000000231,1,324.0,买盘
10:10:59,3.23,-0.010000000000000231,1,323.0,卖盘
10:11:02,3.24,0.010000000000000231,5,1620.0,买盘
10:11:09,3.24,0.0,1,324.0,买盘
10:11:15,3.23,-0.010000000000000231,11,3556.0,卖盘
10:11:18,3.23,0.0,1,323.0,卖盘
10:11:24,3.23,0.0,72,23256.0,卖盘
10:11:30,3.23,0.0,17,5491.0,卖盘
10:11:33,3.24,0.010000000000000231,50,16200.0,买盘
10:11:37,3.23,-0.010000000000000231,51,16478.0,卖盘
10:11:40,3.24,0.010000000000000231,17,5504.0,买盘
10:11:43,3.23,-0.010000000000000231,55,17765.0,卖盘
10:11:47,3.24,0.010000000000000231,92,29758.0,买盘
10:11:50,3.24,0.0,82,26491.0,买盘
10:11:53,3.23,-0.010000000000000231,282,91088.0,卖盘
10:11:56,3.23,0.0,452,145996.0,卖盘
10:11:59,3.23,0.0,4,1292.0,卖盘
10:12:02,3.24,0.010000000000000231,11,3564.0,买盘
10:12:06,3.23,-0.010000000000000231,135,43656.0,卖盘
10:12:09,3.23,0.0,16,5168.0,卖盘
10:12:12,3.23,0.0,20,6470.0,卖盘
10:12:15,3.24,0.010000000000000231,121,39204.0,买盘
10:12:21,3.23,-0.010000000000000231,41,13246.0,卖盘
10:12:27,3.23,0.0,7,2261.0,卖盘
10:12:30,3.24,0.010000000000000231,16,5178.0,买盘
10:12:34,3.23,-0.010000000000000231,20,6460.0,卖盘
10:12:37,3.24,0.010000000000000231,4,1296.0,买盘
10:12:40,3.23,-0.010000000000000231,33,10659.0,卖盘
10:12:47,3.23,0.0,17,5491.0,卖盘
10:12:50,3.23,0.0,164,53101.0,卖盘
10:12:53,3.23,0.0,311,100453.0,卖盘
10:12:56,3.23,0.0,4705,1519715.0,卖盘
10:12:59,3.23,0.0,80,25840.0,卖盘
10:13:03,3.23,0.0,119,38441.0,卖盘
10:13:06,3.23,0.0,84,27132.0,卖盘
10:13:09,3.23,0.0,24,7752.0,卖盘
10:13:15,3.23,0.0,240,77520.0,卖盘
10:13:27,3.23,0.0,73,23579.0,卖盘
10:13:30,3.23,0.0,112,36176.0,卖盘
10:13:34,3.23,0.0,16,5168.0,卖盘
10:13:37,3.23,0.0,14,4522.0,卖盘
10:13:44,3.24,0.010000000000000231,163,52711.0,买盘
10:13:47,3.23,-0.010000000000000231,62,20028.0,卖盘
10:13:56,3.23,0.0,260,83980.0,卖盘
10:13:59,3.24,0.010000000000000231,22,7128.0,买盘
10:14:03,3.24,0.0,14,4536.0,买盘
10:14:09,3.24,0.0,14,4534.0,买盘
10:14:12,3.24,0.0,9,2908.0,买盘
10:14:15,3.24,0.0,1,324.0,买盘
10:14:18,3.24,0.0,9,2916.0,买盘
10:14:21,3.24,0.0,744,240416.0,买盘
10:14:28,3.24,0.0,1,324.0,买盘
10:14:31,3.24,0.0,3,972.0,买盘
10:14:34,3.23,-0.010000000000000231,64,20676.0,卖盘
10:14:38,3.24,0.010000000000000231,3,972.0,买盘
10:14:44,3.23,-0.010000000000000231,16,5168.0,卖盘
10:14:47,3.23,0.0,1,323.0,卖盘
10:14:50,3.24,0.010000000000000231,202,65448.0,买盘
10:14:53,3.25,0.009999999999999787,1617,523972.0,买盘
10:14:56,3.24,-0.009999999999999787,238,77292.0,卖盘
10:15:06,3.24,0.0,29,9396.0,卖盘
10:15:15,3.24,0.0,1,324.0,卖盘
10:15:18,3.24,0.0,505,163620.0,卖盘
10:15:28,3.25,0.009999999999999787,21,6814.0,买盘
10:15:31,3.25,0.0,2,650.0,买盘
10:15:35,3.24,-0.009999999999999787,26,8425.0,卖盘
10:15:38,3.25,0.009999999999999787,29,9421.0,买盘
10:15:41,3.25,0.0,1,325.0,买盘
10:15:47,3.25,0.0,51,16575.0,买盘
10:16:00,3.25,0.0,17,5525.0,买盘
10:16:03,3.25,0.0,618,200235.0,买盘
10:16:06,3.25,0.0,31,10075.0,买盘
10:16:12,3.25,0.0,15,4875.0,买盘
10:16:15,3.25,0.0,2,650.0,买盘
10:16:18,3.25,0.0,201,65325.0,买盘
10:16:31,3.25,0.0,83,26975.0,买盘
10:16:35,3.24,-0.009999999999999787,16,5185.0,卖盘
10:16:47,3.24,0.0,5,1620.0,卖盘
10:16:54,3.25,0.009999999999999787,100,32500.0,买盘
10:16:57,3.25,0.0,1,325.0,买盘
10:17:03,3.25,0.0,21,6805.0,买盘
10:17:06,3.24,-0.009999999999999787,20,6480.0,卖盘
10:17:12,3.25,0.009999999999999787,8,2600.0,买盘
10:17:15,3.24,-0.009999999999999787,189,61424.0,卖盘
10:17:19,3.25,0.009999999999999787,1129,366925.0,买盘
10:17:22,3.25,0.0,59,19171.0,卖盘
10:17:29,3.25,0.0,8,2603.0,卖盘
10:17:32,3.25,0.0,3,975.0,卖盘
10:17:35,3.26,0.009999999999999787,26,8476.0,买盘
10:17:38,3.25,-0.009999999999999787,1,325.0,卖盘
10:17:41,3.25,0.0,9,2925.0,卖盘
10:17:48,3.25,0.0,3,975.0,卖盘
10:17:51,3.25,0.0,366,118950.0,卖盘
10:17:57,3.26,0.009999999999999787,1,326.0,买盘
10:18:00,3.25,-0.009999999999999787,244,79300.0,卖盘
10:18:03,3.25,0.0,51,16575.0,卖盘
10:18:06,3.25,0.0,8,2602.0,卖盘
10:18:09,3.26,0.009999999999999787,1,326.0,买盘
10:18:16,3.25,-0.009999999999999787,6,1950.0,卖盘
10:18:19,3.25,0.0,1,325.0,卖盘
10:18:29,3.26,0.009999999999999787,1,326.0,买盘
10:18:32,3.26,0.0,6,1956.0,买盘
10:18:35,3.25,-0.009999999999999787,1,325.0,卖盘
10:18:38,3.25,0.0,64,20800.0,卖盘
10:18:41,3.26,0.009999999999999787,6,1956.0,买盘
10:18:48,3.26,0.0,132,42902.0,买盘
10:19:00,3.26,0.0,19,6194.0,买盘
10:19:03,3.26,0.0,20,6520.0,买盘
10:19:06,3.26,0.0,100,32600.0,买盘
10:19:09,3.26,0.0,8,2608.0,买盘
10:19:13,3.26,0.0,1,326.0,买盘
10:19:16,3.26,0.0,33,10758.0,买盘
10:19:19,3.25,-0.009999999999999787,2,651.0,卖盘
10:19:23,3.26,0.009999999999999787,43,13977.0,买盘
10:19:26,3.25,-0.009999999999999787,1,325.0,卖盘
10:19:32,3.25,0.0,73,23725.0,卖盘
10:19:48,3.25,0.0,11,3575.0,卖盘
10:20:00,3.25,0.0,105,34130.0,卖盘
10:20:03,3.26,0.009999999999999787,4,1304.0,买盘
10:20:06,3.26,0.0,10,3260.0,买盘
10:20:13,3.26,0.0,31,10076.0,买盘
10:20:16,3.26,0.0,8,2607.0,买盘
10:20:20,3.26,0.0,3,978.0,买盘
10:20:23,3.26,0.0,35,11410.0,买盘
10:20:32,3.26,0.0,129,41928.0,买盘
10:20:35,3.26,0.0,4,1303.0,买盘
10:20:42,3.26,0.0,9,2934.0,买盘
10:20:54,3.26,0.0,14,4563.0,买盘
10:20:57,3.25,-0.009999999999999787,2,650.0,卖盘
10:21:07,3.25,0.0,1,325.0,卖盘
10:21:10,3.25,0.0,13,4225.0,卖盘
10:21:14,3.25,0.0,3,975.0,卖盘
10:21:26,3.26,0.009999999999999787,366,118983.0,买盘
10:21:33,3.26,0.0,29,9454.0,买盘
10:21:36,3.26,0.0,1,326.0,买盘
10:21:39,3.26,0.0,1,326.0,买盘
10:21:42,3.26,0.0,1,326.0,买盘
10:21:45,3.26,0.0,38,12388.0,买盘
10:21:48,3.26,0.0,6,1956.0,买盘
10:21:54,3.26,0.0,33,10758.0,买盘
10:22:01,3.26,0.0,6,1956.0,买盘
10:22:04,3.26,0.0,3,978.0,买盘
10:22:07,3.26,0.0,101,32926.0,买盘
10:22:11,3.26,0.0,2214,721764.0,买盘
10:22:14,3.27,0.010000000000000231,1691,551463.0,买盘
10:22:17,3.27,0.0,4984,1629762.0,买盘
10:22:20,3.27,0.0,25,8173.0,买盘
10:22:23,3.29,0.020000000000000018,10236,3357555.960000001,买盘
10:22:27,3.29,0.0,974,320443.0,买盘
10:22:30,3.29,0.0,33,10857.0,买盘
10:22:33,3.29,0.0,253,83229.0,买盘
10:22:36,3.29,0.0,680,223710.0,买盘
10:22:39,3.29,0.0,267,87843.0,买盘
10:22:42,3.29,0.0,1872,615845.0,买盘
10:22:45,3.3,0.009999999999999787,943,310277.0,买盘
10:22:48,3.29,-0.009999999999999787,541,178196.0,卖盘
10:22:51,3.3,0.009999999999999787,858,283049.0,买盘
10:22:55,3.29,-0.009999999999999787,152,50159.0,卖盘
10:22:58,3.3,0.009999999999999787,606,199949.0,买盘
10:23:01,3.3,0.0,259,85470.0,买盘
10:23:05,3.3,0.0,2105,694642.0,买盘
10:23:08,3.3,0.0,250,82500.0,买盘
10:23:11,3.3,0.0,1072,353760.0,买盘
10:23:14,3.3,0.0,1293,426690.0,买盘
10:23:17,3.29,-0.009999999999999787,368,121439.0,卖盘
10:23:21,3.31,0.020000000000000018,1402,464052.0,买盘
10:23:24,3.3,-0.010000000000000231,831,274138.0,卖盘
10:23:27,3.3,0.0,175,57744.0,买盘
10:23:30,3.3,0.0,650,214500.0,买盘
10:23:33,3.3,0.0,240,79200.0,买盘
10:23:36,3.3,0.0,242,79826.0,买盘
10:23:39,3.29,-0.009999999999999787,1112,365876.0,卖盘
10:23:42,3.3,0.009999999999999787,782,257843.0,买盘
10:23:45,3.3,0.0,49,16131.0,买盘
10:23:49,3.29,-0.009999999999999787,17,5600.0,卖盘
10:23:52,3.3,0.009999999999999787,120,39499.0,买盘
10:23:55,3.29,-0.009999999999999787,26,8574.0,卖盘
10:23:59,3.3,0.009999999999999787,30,9900.0,买盘
10:24:02,3.29,-0.009999999999999787,532,175038.0,卖盘
10:24:05,3.29,0.0,212,69748.0,买盘
10:24:08,3.29,0.0,115,37835.0,买盘
10:24:11,3.29,0.0,212,69748.0,买盘
10:24:14,3.29,0.0,87,28623.0,买盘
10:24:18,3.29,0.0,181,59499.0,买盘
10:24:21,3.29,0.0,203,66787.0,买盘
10:24:24,3.29,0.0,341,112185.0,买盘
10:24:27,3.29,0.0,163,53564.0,买盘
10:24:30,3.29,0.0,227,74668.0,买盘
10:24:33,3.29,0.0,136,44744.0,买盘
10:24:39,3.28,-0.010000000000000231,50,16444.0,卖盘
10:24:42,3.28,0.0,589,193777.0,卖盘
10:24:46,3.29,0.010000000000000231,45,14800.0,买盘
10:24:49,3.29,0.0,118,38806.0,买盘
10:24:52,3.29,0.0,380,125020.0,买盘
10:24:56,3.29,0.0,6,1974.0,买盘
10:24:59,3.28,-0.010000000000000231,281,92189.0,卖盘
10:25:02,3.29,0.010000000000000231,1044,343474.0,买盘
10:25:05,3.29,0.0,159,52311.0,卖盘
10:25:08,3.29,0.0,373,122717.0,买盘
10:25:11,3.29,0.0,184,60536.0,卖盘
10:25:15,3.29,0.0,215,70764.0,卖盘
10:25:18,3.29,0.0,274,90138.0,买盘
10:25:21,3.3,0.009999999999999787,50,16451.0,买盘
10:25:24,3.29,-0.009999999999999787,186,61218.0,卖盘
10:25:27,3.3,0.009999999999999787,344,113190.0,买盘
10:25:30,3.3,0.0,83,27378.0,买盘
10:25:33,3.29,-0.009999999999999787,42,13818.0,卖盘
10:25:36,3.3,0.009999999999999787,92,30360.0,买盘
10:25:40,3.3,0.0,123,40529.0,买盘
10:25:43,3.29,-0.009999999999999787,42,13831.0,卖盘
10:25:46,3.3,0.009999999999999787,354,116820.0,买盘
10:25:49,3.3,0.0,163,53790.0,买盘
10:25:53,3.3,0.0,314,103520.0,买盘
10:25:56,3.3,0.0,55,18150.0,买盘
10:25:59,3.3,0.0,1333,439890.0,买盘
10:26:02,3.3,0.0,658,217130.0,买盘
10:26:05,3.3,0.0,1104,364208.0,买盘
10:26:08,3.3,0.0,191,63030.0,买盘
10:26:12,3.3,0.0,294,97020.0,买盘
10:26:15,3.3,0.0,380,125398.0,买盘
10:26:18,3.3,0.0,61,20130.0,买盘
10:26:21,3.29,-0.009999999999999787,2,658.0,卖盘
10:26:24,3.3,0.009999999999999787,66,21780.0,买盘
10:26:27,3.3,0.0,112,36854.0,买盘
10:26:30,3.3,0.0,742,244180.0,买盘
10:26:33,3.3,0.0,871,287380.0,买盘
10:26:37,3.29,-0.009999999999999787,1060,348740.0,卖盘
10:26:40,3.29,0.0,46,15134.0,买盘
10:26:43,3.29,0.0,79,25991.0,买盘
10:26:47,3.29,0.0,86,28294.0,买盘
10:26:50,3.29,0.0,78,25662.0,买盘
10:26:53,3.29,0.0,54,17766.0,买盘
10:26:56,3.29,0.0,336,110308.0,买盘
10:26:59,3.29,0.0,30,9870.0,买盘
10:27:02,3.29,0.0,23,7567.0,买盘
10:27:05,3.29,0.0,265,87185.0,买盘
10:27:09,3.29,0.0,17,5593.0,买盘
10:27:12,3.29,0.0,670,220430.0,买盘
10:27:15,3.3,0.009999999999999787,301,99055.0,买盘
10:27:18,3.29,-0.009999999999999787,27,8895.0,卖盘
10:27:21,3.29,0.0,164,54032.0,卖盘
10:27:24,3.3,0.009999999999999787,20,6600.0,买盘
10:27:27,3.3,0.0,202,66459.0,买盘
10:27:31,3.3,0.0,403,132970.0,买盘
10:27:34,3.3,0.0,171,56430.0,买盘
10:27:37,3.29,-0.009999999999999787,234,77070.0,卖盘
10:27:40,3.29,0.0,200,65800.0,卖盘
10:27:47,3.3,0.009999999999999787,2,660.0,买盘
10:27:50,3.3,0.0,19,6269.0,买盘
10:27:53,3.29,-0.009999999999999787,78,25679.0,卖盘
10:27:56,3.3,0.009999999999999787,56,18470.0,买盘
10:27:59,3.3,0.0,93,30640.0,买盘
10:28:06,3.29,-0.009999999999999787,38,12519.0,卖盘
10:28:09,3.3,0.009999999999999787,93,30669.0,买盘
10:28:12,3.3,0.0,92,30358.0,买盘
10:28:18,3.29,-0.009999999999999787,180,59366.0,卖盘
10:28:21,3.29,0.0,980,322650.0,卖盘
10:28:28,3.3,0.009999999999999787,1590,524595.9999999925,买盘
10:28:31,3.3,0.0,4,1320.0,买盘
10:28:34,3.3,0.0,58,19140.0,买盘
10:28:38,3.3,0.0,316,104280.0,买盘
10:28:41,3.3,0.0,50,16500.0,买盘
10:28:44,3.3,0.0,159,52463.0,买盘
10:28:47,3.3,0.0,354,116790.0,买盘
10:28:50,3.3,0.0,94,31001.0,买盘
10:28:53,3.3,0.0,27,8910.0,卖盘
10:28:57,3.3,0.0,161,53130.0,卖盘
10:29:00,3.31,0.010000000000000231,9,2972.0,买盘
10:29:03,3.3,-0.010000000000000231,245,80973.0,卖盘
10:29:06,3.31,0.010000000000000231,140,46240.0,买盘
10:29:09,3.31,0.0,153,50500.0,买盘
10:29:12,3.31,0.0,1127,373027.0,买盘
10:29:15,3.31,0.0,75,24764.0,买盘
10:29:18,3.3,-0.010000000000000231,145,47993.0,卖盘
10:29:21,3.31,0.010000000000000231,37,12237.0,买盘
10:29:25,3.31,0.0,102,33744.0,买盘
10:29:28,3.31,0.0,969,320739.0,买盘
10:29:31,3.31,0.0,425,140673.0,买盘
10:29:35,3.31,0.0,633,209523.0,买盘
10:29:38,3.31,0.0,164,54264.0,买盘
10:29:41,3.31,0.0,1313,434603.0,买盘
10:29:44,3.31,0.0,786,260166.0,买盘
10:29:47,3.31,0.0,98,32481.0,卖盘
10:29:50,3.32,0.009999999999999787,190,63036.0,买盘
10:29:54,3.31,-0.009999999999999787,151,50131.0,卖盘
10:29:57,3.32,0.009999999999999787,866,287507.0,买盘
10:30:00,3.32,0.0,31,10292.0,买盘
10:30:03,3.32,0.0,116,38501.0,买盘
10:30:06,3.32,0.0,2175,722095.0,买盘
10:30:09,3.32,0.0,1488,493757.0,买盘
10:30:12,3.32,0.0,168,55833.0,卖盘
10:30:15,3.32,0.0,128,42575.0,卖盘
10:30:18,3.33,0.010000000000000231,4769,1588092.0,买盘
10:30:22,3.33,0.0,219,73030.0,卖盘
10:30:25,3.34,0.009999999999999787,240,80108.0,买盘
10:30:29,3.34,0.0,168,56060.0,买盘
10:30:32,3.34,0.0,760,253838.0,买盘
10:30:35,3.33,-0.009999999999999787,583,194693.0,卖盘
10:30:38,3.34,0.009999999999999787,2296,766864.0,买盘
10:30:41,3.34,0.0,1000,333672.0,买盘
10:30:44,3.34,0.0,1055,352244.0,买盘
10:30:48,3.34,0.0,1083,361687.0,买盘
10:30:51,3.34,0.0,1186,396124.0,卖盘
10:30:54,3.34,0.0,362,120907.0,买盘
10:30:57,3.34,0.0,1087,362695.0,买盘
10:31:00,3.33,-0.009999999999999787,1506,501340.0,卖盘
10:31:03,3.33,0.0,662,220446.0,买盘
10:31:06,3.33,0.0,276,91944.0,买盘
10:31:09,3.33,0.0,169,56277.0,卖盘
10:31:12,3.32,-0.010000000000000231,983,327195.0,卖盘
10:31:15,3.33,0.010000000000000231,230,76418.0,买盘
10:31:19,3.32,-0.010000000000000231,470,156251.0,卖盘
10:31:22,3.32,0.0,428,142306.0,卖盘
10:31:26,3.33,0.010000000000000231,128,42591.0,买盘
10:31:29,3.33,0.0,365,121409.0,买盘
10:31:32,3.33,0.0,279,92818.0,买盘
10:31:35,3.33,0.0,58,19264.0,买盘
10:31:38,3.33,0.0,2194,729088.0,买盘
10:31:41,3.33,0.0,211,70248.0,买盘
10:31:45,3.33,0.0,260,86492.0,买盘
10:31:47,3.32,-0.010000000000000231,407,135364.0,卖盘
10:31:51,3.33,0.010000000000000231,321,106746.0,买盘
10:31:54,3.32,-0.010000000000000231,164,54517.0,卖盘
10:31:57,3.33,0.010000000000000231,331,109967.0,买盘
10:32:00,3.33,0.0,356,118164.0,买盘
10:32:03,3.32,-0.010000000000000231,217,72044.0,卖盘
10:32:06,3.32,0.0,426,141584.0,买盘
10:32:10,3.32,0.0,68,22577.0,买盘
10:32:13,3.32,0.0,45,14940.0,买盘
10:32:17,3.32,0.0,356,118192.0,买盘
10:32:20,3.31,-0.009999999999999787,41,13609.0,卖盘
10:32:26,3.32,0.009999999999999787,66,21851.0,买盘
10:32:29,3.32,0.0,174,57638.0,买盘
10:32:32,3.32,0.0,90,29880.0,买盘
10:32:35,3.32,0.0,45,14939.0,买盘
10:32:39,3.32,0.0,15,4980.0,买盘
10:32:42,3.32,0.0,90,29850.0,买盘
10:32:45,3.32,0.0,21,6972.0,买盘
10:32:48,3.32,0.0,379,125598.0,买盘
10:32:54,3.31,-0.009999999999999787,212,70278.0,卖盘
10:32:57,3.32,0.009999999999999787,39,12942.0,买盘
10:33:00,3.31,-0.009999999999999787,458,152043.0,卖盘
10:33:03,3.31,0.0,22,7282.0,卖盘
10:33:07,3.32,0.009999999999999787,572,189903.0,买盘
10:33:14,3.32,0.0,78,25896.0,买盘
10:33:17,3.31,-0.009999999999999787,10,3310.0,卖盘
10:33:20,3.31,0.0,48,15890.0,卖盘
10:33:23,3.31,0.0,300,99300.0,卖盘
10:33:26,3.31,0.0,60,19864.0,卖盘
10:33:29,3.31,0.0,429,141999.0,卖盘
10:33:33,3.32,0.009999999999999787,49,16256.0,买盘
10:33:36,3.31,-0.009999999999999787,46,15229.0,卖盘
10:33:39,3.32,0.009999999999999787,42,13944.0,买盘
10:33:42,3.31,-0.009999999999999787,240,79443.0,卖盘
10:33:45,3.32,0.009999999999999787,50,16562.0,买盘
10:33:48,3.32,0.0,536,177780.0,买盘
10:33:51,3.31,-0.009999999999999787,56,18536.0,卖盘
10:33:54,3.32,0.009999999999999787,40,13279.0,买盘
10:33:57,3.32,0.0,81,26881.0,买盘
10:34:01,3.31,-0.009999999999999787,382,126821.0,卖盘
10:34:07,3.31,0.0,68,22547.0,卖盘
10:34:11,3.32,0.009999999999999787,11,3652.0,买盘
10:34:14,3.32,0.0,250,82995.0,买盘
10:34:17,3.31,-0.009999999999999787,1,331.0,卖盘
10:34:20,3.31,0.0,60,19880.0,卖盘
10:34:23,3.32,0.009999999999999787,185,61420.0,买盘
10:34:27,3.32,0.0,388,128768.0,买盘
10:34:30,3.32,0.0,34,11257.0,买盘
10:34:33,3.32,0.0,3,996.0,买盘
10:34:36,3.32,0.0,247,82001.0,买盘
10:34:39,3.32,0.0,16,5312.0,买盘
10:34:42,3.32,0.0,1489,494348.0,买盘
10:34:45,3.31,-0.009999999999999787,154,51127.0,卖盘
10:34:51,3.32,0.009999999999999787,4,1328.0,卖盘
10:34:55,3.32,0.0,185,61423.0,卖盘
10:34:58,3.33,0.010000000000000231,334,110897.0,买盘
10:35:01,3.32,-0.010000000000000231,109,36188.0,卖盘
10:35:05,3.32,0.0,141,46842.0,卖盘
10:35:08,3.33,0.010000000000000231,5,1665.0,买盘
10:35:11,3.32,-0.010000000000000231,152,50474.0,卖盘
10:35:14,3.33,0.010000000000000231,102,33946.0,买盘
10:35:17,3.33,0.0,260,86430.0,买盘
10:35:20,3.33,0.0,89,29636.0,买盘
10:35:24,3.32,-0.010000000000000231,102,33952.0,卖盘
10:35:27,3.33,0.010000000000000231,284,94572.0,买盘
10:35:30,3.32,-0.010000000000000231,35,11645.0,卖盘
10:35:33,3.33,0.010000000000000231,267,88911.0,买盘
10:35:36,3.32,-0.010000000000000231,179,59577.0,卖盘
10:35:39,3.33,0.010000000000000231,571,189961.0,买盘
10:35:42,3.32,-0.010000000000000231,353,117379.0,卖盘
10:35:45,3.32,0.0,153,50808.0,卖盘
10:35:48,3.32,0.0,164,54468.0,卖盘
10:35:52,3.32,0.0,15,4983.0,卖盘
10:35:55,3.32,0.0,25,8300.0,卖盘
10:35:58,3.32,0.0,22,7304.0,卖盘
10:36:02,3.32,0.0,169,56108.0,卖盘
10:36:05,3.32,0.0,87,28884.0,卖盘
10:36:08,3.32,0.0,331,109892.0,卖盘
10:36:11,3.32,0.0,494,164008.0,卖盘
10:36:14,3.32,0.0,61,20253.0,卖盘
10:36:18,3.32,0.0,62,20589.0,卖盘
10:36:21,3.32,0.0,561,186252.0,卖盘
10:36:24,3.32,0.0,729,242031.0,买盘
10:36:27,3.32,0.0,47,15604.0,卖盘
10:36:30,3.32,0.0,128,42496.0,买盘
10:36:33,3.32,0.0,57,18924.0,买盘
10:36:39,3.32,0.0,28,9296.0,买盘
10:36:42,3.32,0.0,20,6640.0,买盘
10:36:46,3.32,0.0,13,4316.0,买盘
10:36:49,3.32,0.0,370,122670.0,买盘
10:36:52,3.32,0.0,222,73704.0,买盘
10:36:56,3.31,-0.009999999999999787,4,1326.0,卖盘
10:36:59,3.32,0.009999999999999787,54,17928.0,买盘
10:37:02,3.32,0.0,200,66391.0,买盘
10:37:05,3.32,0.0,128,42446.0,买盘
10:37:08,3.31,-0.009999999999999787,42,13932.0,卖盘
10:37:11,3.32,0.009999999999999787,15,4971.0,买盘
10:37:18,3.31,-0.009999999999999787,60,19860.0,卖盘
10:37:21,3.32,0.009999999999999787,840,278880.0,买盘
10:37:27,3.32,0.0,324,107546.0,买盘
10:37:30,3.32,0.0,113,37516.0,卖盘
10:37:33,3.32,0.0,15,4982.0,卖盘
10:37:36,3.32,0.0,97,32225.0,卖盘
10:37:40,3.32,0.0,264,87648.0,卖盘
10:37:43,3.32,0.0,291,96612.0,卖盘
10:37:46,3.32,0.0,8,2656.0,买盘
10:37:49,3.32,0.0,150,49800.0,买盘
10:37:53,3.32,0.0,42,13944.0,买盘
10:37:56,3.32,0.0,7,2324.0,买盘
10:38:02,3.32,0.0,76,25232.0,买盘
10:38:05,3.32,0.0,1,332.0,买盘
10:38:12,3.32,0.0,7,2324.0,买盘
10:38:18,3.31,-0.009999999999999787,125,41375.0,卖盘
10:38:21,3.31,0.0,2444,809239.0,卖盘
10:38:24,3.31,0.0,93,30805.0,卖盘
10:38:27,3.31,0.0,4,1324.0,卖盘
10:38:30,3.31,0.0,109,36079.0,卖盘
10:38:34,3.31,0.0,29,9599.0,卖盘
10:38:37,3.31,0.0,155,51305.0,卖盘
10:38:40,3.3,-0.010000000000000231,549,181693.0,卖盘
10:38:43,3.31,0.010000000000000231,13,4303.0,买盘
10:38:47,3.3,-0.010000000000000231,108,35640.0,卖盘
10:38:50,3.31,0.010000000000000231,29,9584.0,买盘
10:38:53,3.31,0.0,292,96652.0,买盘
10:38:59,3.3,-0.010000000000000231,62,20460.0,卖盘
10:39:02,3.31,0.010000000000000231,29,9580.0,买盘
10:39:09,3.31,0.0,236,78116.0,买盘
10:39:12,3.31,0.0,278,92006.0,买盘
10:39:15,3.3,-0.010000000000000231,185,61224.0,卖盘
10:39:18,3.31,0.010000000000000231,13,4300.0,买盘
10:39:21,3.31,0.0,564,186684.0,买盘
10:39:24,3.31,0.0,106,35086.0,买盘
10:39:31,3.31,0.0,322,106582.0,买盘
10:39:34,3.31,0.0,16,5296.0,买盘
10:39:37,3.31,0.0,50,16550.0,买盘
10:39:44,3.31,0.0,29,9599.0,买盘
10:39:47,3.31,0.0,139,45997.0,买盘
10:39:50,3.31,0.0,2,662.0,买盘
10:39:53,3.31,0.0,268,88708.0,买盘
10:39:56,3.31,0.0,34,11254.0,买盘
10:40:00,3.31,0.0,108,35748.0,买盘
10:40:03,3.31,0.0,6,1986.0,卖盘
10:40:06,3.31,0.0,18,5958.0,卖盘
10:40:09,3.31,0.0,2,662.0,卖盘
10:40:15,3.3,-0.010000000000000231,842,278694.0,卖盘
10:40:18,3.32,0.020000000000000018,58,19240.0,买盘
10:40:24,3.32,0.0,11,3651.0,买盘
10:40:28,3.32,0.0,105,34813.0,买盘
10:40:31,3.32,0.0,43,14265.0,买盘
10:40:34,3.31,-0.009999999999999787,2,663.0,卖盘
10:40:38,3.31,0.0,28,9268.0,卖盘
10:40:41,3.32,0.009999999999999787,23,7632.0,买盘
10:40:44,3.31,-0.009999999999999787,5,1655.0,卖盘
10:40:47,3.31,0.0,15,4965.0,卖盘
10:40:50,3.31,0.0,13,4303.0,卖盘
10:40:53,3.31,0.0,145,47995.0,卖盘
10:40:57,3.31,0.0,266,88051.0,卖盘
10:41:00,3.31,0.0,55,18205.0,买盘
10:41:03,3.31,0.0,120,39720.0,买盘
10:41:06,3.31,0.0,144,47664.0,买盘
10:41:09,3.31,0.0,17,5627.0,买盘
10:41:12,3.31,0.0,51,16881.0,买盘
10:41:15,3.31,0.0,43,14233.0,买盘
10:41:18,3.31,0.0,3,993.0,买盘
10:41:22,3.31,0.0,3,993.0,买盘
10:41:25,3.31,0.0,4,1324.0,买盘
10:41:28,3.31,0.0,1,331.0,买盘
10:41:31,3.31,0.0,3100,1028375.0,买盘
10:41:35,3.31,0.0,75,24826.0,卖盘
10:41:38,3.31,0.0,1,331.0,卖盘
10:41:44,3.31,0.0,1,331.0,卖盘
10:41:47,3.32,0.009999999999999787,27,8957.0,买盘
10:41:51,3.31,-0.009999999999999787,1,331.0,卖盘
10:41:54,3.31,0.0,40,13240.0,卖盘
10:41:57,3.32,0.009999999999999787,89,29481.0,买盘
10:42:06,3.32,0.0,75,24900.0,买盘
10:42:09,3.32,0.0,29,9628.0,买盘
10:42:12,3.32,0.0,2587,858885.0,买盘
10:42:15,3.32,0.0,15,4980.0,卖盘
10:42:19,3.32,0.0,93,30876.0,卖盘
10:42:22,3.32,0.0,396,131772.0,卖盘
10:42:25,3.32,0.0,7,2324.0,卖盘
10:42:28,3.32,0.0,153,50796.0,卖盘
10:42:32,3.32,0.0,106,35192.0,卖盘
10:42:35,3.33,0.010000000000000231,139,46167.0,买盘
10:42:38,3.33,0.0,52,17266.0,买盘
10:42:41,3.32,-0.010000000000000231,215,71380.0,卖盘
10:42:44,3.33,0.010000000000000231,5189,1727837.0,买盘
10:42:48,3.32,-0.010000000000000231,81,26953.0,卖盘
10:42:51,3.34,0.020000000000000018,384,128245.0,买盘
10:42:54,3.32,-0.020000000000000018,12,3995.0,卖盘
10:42:57,3.34,0.020000000000000018,25,8326.0,买盘
10:43:00,3.32,-0.020000000000000018,14,4656.0,卖盘
10:43:03,3.34,0.020000000000000018,533,178007.0,买盘
10:43:06,3.33,-0.009999999999999787,37,12321.0,卖盘
10:43:09,3.33,0.0,120,39963.0,卖盘
10:43:12,3.33,0.0,608,202464.0,卖盘
10:43:16,3.32,-0.010000000000000231,189,62936.0,卖盘
10:43:19,3.33,0.010000000000000231,230,76590.0,买盘
10:43:25,3.32,-0.010000000000000231,1,332.0,卖盘
10:43:29,3.33,0.010000000000000231,95,31635.0,买盘
10:43:32,3.33,0.0,481,160072.0,买盘
10:43:35,3.32,-0.010000000000000231,288,95832.0,卖盘
10:43:38,3.32,0.0,44,14640.0,卖盘
10:43:41,3.32,0.0,119,39608.0,卖盘
10:43:45,3.33,0.010000000000000231,2088,695304.0,买盘
10:43:47,3.33,0.0,73,24309.0,卖盘
10:43:51,3.33,0.0,164,54612.0,卖盘
10:43:54,3.33,0.0,164,54741.0,卖盘
10:43:57,3.33,0.0,1551,517003.0,卖盘
10:44:00,3.33,0.0,1070,356176.0,卖盘
10:44:03,3.33,0.0,91,30303.0,买盘
10:44:06,3.33,0.0,1091,363303.0,买盘
10:44:13,3.33,0.0,71,23643.0,买盘
10:44:16,3.33,0.0,576,191806.0,买盘
10:44:19,3.33,0.0,305,101561.0,卖盘
10:44:23,3.33,0.0,235,78255.0,卖盘
10:44:26,3.33,0.0,68,22644.0,卖盘
10:44:29,3.33,0.0,79,26366.0,卖盘
10:44:32,3.33,0.0,16,5328.0,卖盘
10:44:35,3.33,0.0,1212,403635.0,卖盘
10:44:38,3.33,0.0,8978,2998437.0,买盘
10:44:42,3.33,0.0,442,147366.0,卖盘
10:44:45,3.34,0.009999999999999787,40,13330.0,买盘
10:44:48,3.34,0.0,71,23704.0,买盘
10:44:51,3.33,-0.009999999999999787,98,32682.0,卖盘
10:44:54,3.33,0.0,22,7328.0,卖盘
10:44:57,3.34,0.009999999999999787,8,2672.0,买盘
10:45:00,3.34,0.0,163,54392.0,买盘
10:45:03,3.33,-0.009999999999999787,79,26381.0,卖盘
10:45:06,3.34,0.009999999999999787,171,57114.0,买盘
10:45:10,3.34,0.0,6,2004.0,买盘
10:45:13,3.34,0.0,363,121242.0,买盘
10:45:16,3.34,0.0,4551,1522352.0,买盘
10:45:20,3.35,0.010000000000000231,220,73500.0,买盘
10:45:23,3.34,-0.010000000000000231,25,8355.0,卖盘
10:45:26,3.34,0.0,28,9360.0,卖盘
10:45:29,3.35,0.010000000000000231,30,10050.0,买盘
10:45:32,3.34,-0.010000000000000231,74,24754.0,卖盘
10:45:35,3.35,0.010000000000000231,661,221425.0,买盘
10:45:39,3.35,0.0,66,22049.0,买盘
10:45:42,3.35,0.0,159,53194.0,买盘
10:45:45,3.35,0.0,198,66325.0,买盘
10:45:48,3.35,0.0,877,293771.0,买盘
10:45:51,3.35,0.0,26,8710.0,买盘
10:45:54,3.35,0.0,317,106194.0,买盘
10:45:57,3.34,-0.010000000000000231,743,248884.0,卖盘
10:46:00,3.35,0.010000000000000231,517,173195.0,买盘
10:46:04,3.35,0.0,950,318250.0,买盘
10:46:07,3.35,0.0,192,64287.0,买盘
10:46:10,3.35,0.0,2610,874350.0,买盘
10:46:13,3.35,0.0,1016,340360.0,买盘
10:46:17,3.35,0.0,207,69345.0,买盘
10:46:20,3.35,0.0,383,128304.0,买盘
10:46:23,3.35,0.0,175,58625.0,买盘
10:46:26,3.35,0.0,520,174199.0,买盘
10:46:29,3.35,0.0,218,73028.0,买盘
10:46:32,3.35,0.0,2316,775560.0,买盘
10:46:36,3.35,0.0,509,170315.0,买盘
10:46:39,3.35,0.0,882,295470.0,买盘
10:46:42,3.35,0.0,2853,955452.0,买盘
10:46:45,3.35,0.0,818,273979.0,买盘
10:46:47,3.35,0.0,1566,524071.0,买盘
10:46:51,3.35,0.0,1834,614319.0,买盘
10:46:54,3.35,0.0,603,202005.0,买盘
10:46:57,3.35,0.0,714,238889.0,买盘
10:47:00,3.35,0.0,172,57620.0,买盘
10:47:04,3.35,0.0,89,29815.0,买盘
10:47:07,3.35,0.0,258,86430.0,买盘
10:47:10,3.35,0.0,1667,558445.0,买盘
10:47:14,3.34,-0.010000000000000231,174,58258.0,卖盘
10:47:17,3.35,0.010000000000000231,427,143045.0,买盘
10:47:20,3.35,0.0,294,98490.0,卖盘
10:47:23,3.35,0.0,193,64655.0,卖盘
10:47:26,3.35,0.0,681,228290.0,卖盘
10:47:29,3.35,0.0,538,180240.0,卖盘
10:47:33,3.35,0.0,40,13400.0,买盘
10:47:36,3.34,-0.010000000000000231,33,11042.0,卖盘
10:47:39,3.34,0.0,188,62921.0,卖盘
10:47:42,3.35,0.010000000000000231,48,16040.0,买盘
10:47:45,3.34,-0.010000000000000231,232,77634.0,卖盘
10:47:48,3.33,-0.009999999999999787,1862,622043.0,卖盘
10:47:51,3.33,0.0,366,121981.0,卖盘
10:47:54,3.33,0.0,131,43657.0,卖盘
10:47:57,3.33,0.0,352,117535.0,卖盘
10:48:01,3.34,0.009999999999999787,270,89950.0,买盘
10:48:04,3.33,-0.009999999999999787,13,4329.0,卖盘
10:48:07,3.34,0.009999999999999787,8,2672.0,买盘
10:48:11,3.34,0.0,55,18368.0,买盘
10:48:14,3.34,0.0,41,13684.0,买盘
10:48:17,3.33,-0.009999999999999787,83,27700.0,卖盘
10:48:20,3.34,0.009999999999999787,50,16700.0,买盘
10:48:26,3.34,0.0,15,5006.0,买盘
10:48:30,3.33,-0.009999999999999787,230,76610.0,卖盘
10:48:33,3.33,0.0,680,226464.0,卖盘
10:48:36,3.33,0.0,138,46054.0,卖盘
10:48:39,3.33,0.0,100,33335.0,卖盘
10:48:42,3.33,0.0,26,8658.0,卖盘
10:48:45,3.33,0.0,561,187252.0,卖盘
10:48:48,3.33,0.0,144,47974.0,卖盘
10:48:51,3.33,0.0,217,72264.0,卖盘
10:48:55,3.33,0.0,209,69597.0,卖盘
10:48:58,3.33,0.0,36,12003.0,卖盘
10:49:01,3.33,0.0,3,999.0,卖盘
10:49:04,3.33,0.0,259,86381.0,买盘
10:49:08,3.33,0.0,110,36630.0,卖盘
10:49:11,3.33,0.0,128,42624.0,卖盘
10:49:14,3.33,0.0,76,25308.0,卖盘
10:49:17,3.33,0.0,247,82251.0,卖盘
10:49:20,3.33,0.0,9,2997.0,卖盘
10:49:24,3.34,0.009999999999999787,22,7329.0,买盘
10:49:27,3.33,-0.009999999999999787,50,16650.0,卖盘
10:49:30,3.33,0.0,32,10678.0,卖盘
10:49:33,3.33,0.0,147,48951.0,卖盘
10:49:36,3.33,0.0,70,23311.0,卖盘
10:49:39,3.33,0.0,243,81047.0,卖盘
10:49:42,3.33,0.0,26,8658.0,卖盘
10:49:45,3.33,0.0,14,4662.0,卖盘
10:49:48,3.33,0.0,97,32370.0,卖盘
10:49:52,3.34,0.009999999999999787,5,1666.0,买盘
10:49:55,3.33,-0.009999999999999787,43,14330.0,卖盘
10:49:58,3.33,0.0,100,33300.0,卖盘
10:50:02,3.34,0.009999999999999787,412,137606.0,买盘
10:50:05,3.33,-0.009999999999999787,151,50283.0,卖盘
10:50:11,3.33,0.0,11,3663.0,卖盘
10:50:14,3.34,0.009999999999999787,3,1002.0,买盘
10:50:17,3.33,-0.009999999999999787,13,4332.0,卖盘
10:50:27,3.33,0.0,7,2336.0,卖盘
10:50:36,3.34,0.009999999999999787,239,79600.0,买盘
10:50:39,3.33,-0.009999999999999787,45,14995.0,卖盘
10:50:42,3.34,0.009999999999999787,70,23350.0,买盘
10:50:45,3.34,0.0,190,63460.0,买盘
10:50:52,3.33,-0.009999999999999787,204,67932.0,卖盘
10:50:55,3.34,0.009999999999999787,21,7014.0,买盘
10:50:59,3.34,0.0,308,102871.0,买盘
10:51:05,3.34,0.0,11,3673.0,买盘
10:51:08,3.33,-0.009999999999999787,707,235431.0,卖盘
10:51:11,3.33,0.0,174,57942.0,卖盘
10:51:15,3.33,0.0,117,38971.0,卖盘
10:51:18,3.33,0.0,59,19647.0,卖盘
10:51:21,3.33,0.0,842,280408.0,卖盘
10:51:24,3.33,0.0,274,91242.0,买盘
10:51:27,3.33,0.0,124,41292.0,买盘
10:51:30,3.33,0.0,204,67932.0,买盘
10:51:33,3.32,-0.010000000000000231,239,79387.0,卖盘
10:51:36,3.33,0.010000000000000231,109,36297.0,买盘
10:51:39,3.33,0.0,2,666.0,买盘
10:51:43,3.32,-0.010000000000000231,236,78388.0,卖盘
10:51:46,3.33,0.010000000000000231,11,3663.0,买盘
10:51:49,3.32,-0.010000000000000231,110,36520.0,卖盘
10:51:56,3.33,0.010000000000000231,28,9314.0,买盘
10:52:02,3.33,0.0,2,666.0,买盘
10:52:08,3.33,0.0,61,20313.0,买盘
10:52:12,3.33,0.0,35,11645.0,买盘
10:52:15,3.32,-0.010000000000000231,44,14608.0,卖盘
10:52:18,3.33,0.010000000000000231,19,6312.0,买盘
10:52:21,3.33,0.0,9,2995.0,买盘
10:52:24,3.33,0.0,2,666.0,买盘
10:52:27,3.32,-0.010000000000000231,51,16973.0,卖盘
10:52:30,3.33,0.010000000000000231,99,32967.0,买盘
10:52:33,3.33,0.0,193,64096.0,买盘
10:52:37,3.32,-0.010000000000000231,53,17597.0,卖盘
10:52:43,3.32,0.0,9,2988.0,卖盘
10:52:46,3.33,0.010000000000000231,10,3330.0,买盘
10:52:56,3.32,-0.010000000000000231,38,12636.0,卖盘
10:52:59,3.32,0.0,7,2324.0,卖盘
10:53:02,3.32,0.0,63,20928.0,卖盘
10:53:05,3.32,0.0,126,41832.0,卖盘
10:53:12,3.32,0.0,436,145174.0,卖盘
10:53:15,3.33,0.010000000000000231,318,105894.0,买盘
10:53:18,3.33,0.0,1,333.0,买盘
10:53:21,3.32,-0.010000000000000231,43,14306.0,卖盘
10:53:24,3.33,0.010000000000000231,7,2331.0,买盘
10:53:27,3.32,-0.010000000000000231,635,211450.0,卖盘
10:53:30,3.32,0.0,22,7310.0,卖盘
10:53:34,3.32,0.0,1,332.0,卖盘
10:53:37,3.33,0.010000000000000231,40,13294.0,买盘
10:53:40,3.32,-0.010000000000000231,104,34531.0,卖盘
10:53:47,3.34,0.020000000000000018,3197,1065276.0,买盘
10:53:50,3.33,-0.009999999999999787,500,166485.0,卖盘
10:53:56,3.34,0.009999999999999787,42,13996.0,买盘
10:53:59,3.33,-0.009999999999999787,4,1332.0,卖盘
10:54:06,3.33,0.0,36,11988.0,卖盘
10:54:09,3.33,0.0,425,141527.0,卖盘
10:54:12,3.33,0.0,48,15984.0,买盘
10:54:15,3.33,0.0,14,4662.0,买盘
10:54:18,3.33,0.0,206,68598.0,买盘
10:54:21,3.33,0.0,20,6660.0,卖盘
10:54:24,3.33,0.0,1,333.0,买盘
10:54:28,3.33,0.0,132,43956.0,买盘
10:54:31,3.33,0.0,103,34299.0,买盘
10:54:34,3.33,0.0,5,1665.0,买盘
10:54:37,3.33,0.0,100,33300.0,买盘
10:54:41,3.33,0.0,4,1332.0,买盘
10:54:47,3.33,0.0,46,15318.0,买盘
10:54:50,3.33,0.0,33,10989.0,买盘
10:54:56,3.32,-0.010000000000000231,90,29960.0,卖盘
10:55:00,3.33,0.010000000000000231,112,37296.0,买盘
10:55:03,3.33,0.0,3,998.0,买盘
10:55:06,3.32,-0.010000000000000231,11,3652.0,卖盘
10:55:09,3.33,0.010000000000000231,32,10637.0,买盘
10:55:15,3.33,0.0,94,31298.0,买盘
10:55:18,3.32,-0.010000000000000231,1,332.0,卖盘
10:55:21,3.33,0.010000000000000231,10,3330.0,买盘
10:55:24,3.33,0.0,1,333.0,买盘
10:55:28,3.33,0.0,20,6660.0,买盘
10:55:31,3.33,0.0,58,19314.0,买盘
10:55:34,3.33,0.0,48,15953.0,买盘
10:55:38,3.33,0.0,94,31302.0,买盘
10:55:41,3.33,0.0,130,43290.0,买盘
10:55:47,3.33,0.0,2,666.0,买盘
10:55:50,3.33,0.0,462,153846.0,买盘
10:55:53,3.33,0.0,9,2997.0,买盘
10:55:57,3.33,0.0,22,7326.0,买盘
10:56:00,3.33,0.0,17,5661.0,买盘
10:56:03,3.33,0.0,134,44621.0,买盘
10:56:06,3.33,0.0,15,4985.0,买盘
10:56:09,3.32,-0.010000000000000231,6,1992.0,卖盘
10:56:12,3.33,0.010000000000000231,332,110556.0,买盘
10:56:21,3.33,0.0,61,20313.0,买盘
10:56:25,3.33,0.0,63,20979.0,买盘
10:56:28,3.33,0.0,212,70586.0,买盘
10:56:35,3.33,0.0,73,24309.0,买盘
10:56:38,3.33,0.0,39,12958.0,买盘
10:56:41,3.33,0.0,60,19980.0,买盘
10:56:44,3.33,0.0,21,6973.0,买盘
10:56:47,3.33,0.0,16,5328.0,买盘
10:56:50,3.33,0.0,48,15984.0,买盘
10:56:53,3.33,0.0,24,7992.0,买盘
10:57:00,3.33,0.0,25,8315.0,买盘
10:57:03,3.33,0.0,80,26640.0,买盘
10:57:06,3.33,0.0,38,12647.0,买盘
10:57:09,3.33,0.0,61,20311.0,买盘
10:57:12,3.32,-0.010000000000000231,22,7324.0,卖盘
10:57:15,3.32,0.0,2,664.0,卖盘
10:57:18,3.32,0.0,62,20620.0,卖盘
10:57:25,3.33,0.010000000000000231,1869,622374.0,买盘
10:57:28,3.33,0.0,103,34299.0,卖盘
10:57:32,3.33,0.0,45,14985.0,卖盘
10:57:35,3.33,0.0,22,7326.0,卖盘
10:57:38,3.33,0.0,86,28642.0,卖盘
10:57:41,3.33,0.0,4,1332.0,卖盘
10:57:44,3.33,0.0,58,19324.0,卖盘
10:57:47,3.34,0.009999999999999787,27,9013.0,买盘
10:57:50,3.33,-0.009999999999999787,67,22347.0,卖盘
10:57:54,3.33,0.0,23,7665.0,卖盘
10:57:57,3.33,0.0,28,9327.0,卖盘
10:58:00,3.33,0.0,764,254412.0,卖盘
10:58:03,3.33,0.0,1535,511476.0,卖盘
10:58:06,3.33,0.0,120,39960.0,卖盘
10:58:09,3.33,0.0,58,19314.0,卖盘
10:58:12,3.33,0.0,90,29970.0,卖盘
10:58:15,3.35,0.020000000000000018,9041,3023170.0,买盘
10:58:19,3.35,0.0,3349,1121915.0,买盘
10:58:22,3.35,0.0,1058,354430.0,买盘
10:58:25,3.35,0.0,119,39868.0,卖盘
10:58:29,3.36,0.009999999999999787,98,32926.0,买盘
10:58:32,3.35,-0.009999999999999787,24,8055.0,卖盘
10:58:35,3.36,0.009999999999999787,133,44674.0,买盘
10:58:38,3.36,0.0,112,37530.0,买盘
10:58:41,3.36,0.0,437,146723.0,买盘
10:58:44,3.35,-0.009999999999999787,147,49275.0,卖盘
10:58:47,3.35,0.0,162,54392.0,卖盘
10:58:51,3.36,0.009999999999999787,1213,407525.0,买盘
10:58:54,3.35,-0.009999999999999787,438,147104.0,卖盘
10:58:57,3.36,0.009999999999999787,3649,1226063.0,买盘
10:59:00,3.35,-0.009999999999999787,303,101655.0,卖盘
10:59:03,3.36,0.009999999999999787,564,189440.0,买盘
10:59:06,3.36,0.0,241,80958.0,买盘
10:59:09,3.36,0.0,320,107520.0,买盘
10:59:12,3.36,0.0,117,39282.0,买盘
10:59:16,3.36,0.0,367,123312.0,买盘
10:59:19,3.36,0.0,217,72912.0,买盘
10:59:22,3.36,0.0,248,83325.0,买盘
10:59:26,3.36,0.0,344,115584.0,买盘
10:59:29,3.36,0.0,180,60480.0,买盘
10:59:32,3.36,0.0,463,155568.0,买盘
10:59:35,3.35,-0.009999999999999787,735,246940.0,卖盘
10:59:38,3.36,0.009999999999999787,406,136416.0,买盘
10:59:41,3.36,0.0,1414,475058.0,买盘
10:59:45,3.35,-0.009999999999999787,697,234107.0,卖盘
10:59:48,3.36,0.009999999999999787,523,175708.0,买盘
10:59:51,3.36,0.0,223,74913.0,买盘
10:59:54,3.36,0.0,421,141330.0,买盘
10:59:57,3.36,0.0,340,114240.0,买盘
11:00:00,3.35,-0.009999999999999787,543,182229.0,卖盘
11:00:03,3.35,0.0,450,151153.0,卖盘
11:00:06,3.35,0.0,200,67123.0,卖盘
11:00:09,3.36,0.009999999999999787,84,28209.0,买盘
11:00:13,3.35,-0.009999999999999787,1304,437415.0,卖盘
11:00:16,3.35,0.0,439,147179.0,卖盘
11:00:19,3.35,0.0,308,103182.0,卖盘
11:00:23,3.35,0.0,1076,360939.0,卖盘
11:00:26,3.35,0.0,941,315285.0,卖盘
11:00:29,3.35,0.0,44,14736.0,买盘
11:00:32,3.34,-0.010000000000000231,95,31779.0,卖盘
11:00:35,3.34,0.0,114,38076.0,卖盘
11:00:38,3.34,0.0,120,40086.0,卖盘
11:00:42,3.34,0.0,116,38744.0,卖盘
11:00:45,3.34,0.0,74,24716.0,卖盘
11:00:48,3.33,-0.009999999999999787,16,5337.0,卖盘
11:00:51,3.34,0.009999999999999787,12,4008.0,买盘
11:00:54,3.33,-0.009999999999999787,5,1665.0,卖盘
11:00:57,3.34,0.009999999999999787,81,27054.0,买盘
11:01:00,3.34,0.0,1,334.0,买盘
11:01:03,3.34,0.0,40,13360.0,买盘
11:01:07,3.34,0.0,115,38410.0,买盘
11:01:10,3.34,0.0,305,101870.0,买盘
11:01:13,3.34,0.0,135,45090.0,买盘
11:01:16,3.34,0.0,95,31730.0,买盘
11:01:20,3.34,0.0,138,45969.0,买盘
11:01:23,3.33,-0.009999999999999787,1,333.0,卖盘
11:01:26,3.34,0.009999999999999787,58,19357.0,买盘
11:01:29,3.34,0.0,16,5344.0,买盘
11:01:32,3.33,-0.009999999999999787,33,11021.0,卖盘
11:01:45,3.33,0.0,48,16031.0,卖盘
11:01:47,3.34,0.009999999999999787,2,668.0,买盘
11:01:51,3.33,-0.009999999999999787,311,103638.0,卖盘
11:01:54,3.34,0.009999999999999787,302,100868.0,买盘
11:01:57,3.33,-0.009999999999999787,10,3330.0,卖盘
11:02:00,3.34,0.009999999999999787,95,31730.0,买盘
11:02:04,3.34,0.0,18,6001.0,买盘
11:02:07,3.34,0.0,154,51402.0,买盘
11:02:10,3.34,0.0,25,8350.0,买盘
11:02:13,3.34,0.0,8,2668.0,买盘
11:02:17,3.33,-0.009999999999999787,207,69007.0,卖盘
11:02:20,3.33,0.0,50,16676.0,卖盘
11:02:23,3.34,0.009999999999999787,120,40079.0,买盘
11:02:26,3.34,0.0,171,57114.0,买盘
11:02:33,3.34,0.0,252,84168.0,买盘
11:02:36,3.34,0.0,87,29058.0,买盘
11:02:39,3.34,0.0,3,1002.0,买盘
11:02:42,3.34,0.0,44,14696.0,买盘
11:02:45,3.34,0.0,30,10020.0,买盘
11:02:48,3.34,0.0,148,49412.0,买盘
11:02:51,3.33,-0.009999999999999787,25,8348.0,卖盘
11:02:54,3.33,0.0,276,92134.0,卖盘
11:02:57,3.34,0.009999999999999787,65,21696.0,买盘
11:03:01,3.34,0.0,1012,338000.0,买盘
11:03:04,3.34,0.0,23,7682.0,买盘
11:03:08,3.34,0.0,37,12357.0,买盘
11:03:11,3.34,0.0,40,13359.0,买盘
11:03:17,3.34,0.0,510,170340.0,买盘
11:03:20,3.34,0.0,275,91850.0,买盘
11:03:23,3.34,0.0,11,3674.0,买盘
11:03:27,3.34,0.0,103,34400.0,买盘
11:03:30,3.34,0.0,113,37742.0,买盘
11:03:33,3.34,0.0,316,105544.0,买盘
11:03:36,3.34,0.0,15,5010.0,买盘
11:03:39,3.33,-0.009999999999999787,21,6993.0,卖盘
11:03:42,3.33,0.0,1103,367524.0,卖盘
11:03:45,3.33,0.0,502,167229.0,卖盘
11:03:48,3.33,0.0,99,32967.0,卖盘
11:03:52,3.33,0.0,1035,345158.0000000149,卖盘
11:03:55,3.33,0.0,274,91246.0,卖盘
11:03:58,3.33,0.0,111,37046.0,卖盘
11:04:01,3.34,0.009999999999999787,1329,443869.0,买盘
11:04:05,3.33,-0.009999999999999787,156,51948.0,卖盘
11:04:08,3.33,0.0,126,41965.0,卖盘
11:04:11,3.33,0.0,184,61335.0,卖盘
11:04:14,3.33,0.0,294,97902.0,卖盘
11:04:18,3.33,0.0,61,20332.0,卖盘
11:04:21,3.34,0.009999999999999787,105,35037.0,买盘
11:04:24,3.33,-0.009999999999999787,20,6660.0,卖盘
11:04:27,3.34,0.009999999999999787,10,3340.0,买盘
11:04:30,3.33,-0.009999999999999787,227,75609.0,卖盘
11:04:33,3.34,0.009999999999999787,44,14655.0,买盘
11:04:36,3.33,-0.009999999999999787,178,59368.0,卖盘
11:04:39,3.33,0.0,224,74613.0,卖盘
11:04:42,3.33,0.0,2583,860140.0,卖盘
11:04:46,3.33,0.0,706,235094.0,卖盘
11:04:52,3.33,0.0,151,50283.0,买盘
11:04:56,3.33,0.0,91,30303.0,买盘
11:04:59,3.33,0.0,30,9990.0,买盘
11:05:02,3.33,0.0,65,21645.0,买盘
11:05:05,3.33,0.0,2,666.0,买盘
11:05:08,3.33,0.0,100,33300.0,买盘
11:05:15,3.32,-0.010000000000000231,205,68260.0,卖盘
11:05:18,3.33,0.010000000000000231,341,113553.0,买盘
11:05:21,3.33,0.0,2,665.0,买盘
11:05:24,3.33,0.0,60,19980.0,买盘
11:05:27,3.33,0.0,1,333.0,买盘
11:05:30,3.33,0.0,82,27300.0,买盘
11:05:33,3.33,0.0,622,207112.0,买盘
11:05:36,3.33,0.0,57,18981.0,卖盘
11:05:40,3.33,0.0,12,3996.0,卖盘
11:05:43,3.33,0.0,11,3665.0,卖盘
11:05:46,3.33,0.0,60,19980.0,卖盘
11:05:49,3.33,0.0,26,8658.0,卖盘
11:05:53,3.33,0.0,101,33633.0,买盘
11:05:56,3.33,0.0,5,1665.0,买盘
11:06:02,3.33,0.0,5,1665.0,买盘
11:06:05,3.33,0.0,3,999.0,买盘
11:06:08,3.33,0.0,242,80586.0,买盘
11:06:12,3.33,0.0,25,8325.0,买盘
11:06:15,3.33,0.0,5,1665.0,买盘
11:06:18,3.33,0.0,10,3330.0,买盘
11:06:21,3.32,-0.010000000000000231,26,8636.0,卖盘
11:06:24,3.32,0.0,64,21298.0,卖盘
11:06:27,3.32,0.0,391,129814.0,卖盘
11:06:30,3.32,0.0,30,9964.0,卖盘
11:06:33,3.32,0.0,27,8983.0,卖盘
11:06:37,3.32,0.0,12,3984.0,卖盘
11:06:40,3.32,0.0,16,5316.0,卖盘
11:06:43,3.32,0.0,108,35956.0,卖盘
11:06:47,3.32,0.0,762,252987.0,卖盘
11:06:50,3.32,0.0,68,22576.0,卖盘
11:06:53,3.33,0.010000000000000231,41,13628.0,买盘
11:06:56,3.33,0.0,2,666.0,买盘
11:07:05,3.33,0.0,8,2664.0,买盘
11:07:09,3.32,-0.010000000000000231,13,4316.0,卖盘
11:07:12,3.32,0.0,299,99297.0,卖盘
11:07:15,3.33,0.010000000000000231,3,999.0,买盘
11:07:21,3.32,-0.010000000000000231,186,61807.0,卖盘
11:07:24,3.32,0.0,262,87244.0,卖盘
11:07:27,3.33,0.010000000000000231,14,4662.0,买盘
11:07:30,3.33,0.0,20,6660.0,买盘
11:07:34,3.32,-0.010000000000000231,43,14314.0,卖盘
11:07:40,3.33,0.010000000000000231,3,999.0,买盘
11:07:44,3.32,-0.010000000000000231,61,20252.0,卖盘
11:07:47,3.33,0.010000000000000231,156,51940.0,买盘
11:07:50,3.32,-0.010000000000000231,268,88977.0,卖盘
11:07:53,3.32,0.0,256,85000.0,卖盘
11:07:56,3.32,0.0,294,97608.0,卖盘
11:07:59,3.32,0.0,83,27556.0,卖盘
11:08:02,3.32,0.0,71,23572.0,卖盘
11:08:06,3.32,0.0,141,46872.0,卖盘
11:08:09,3.32,0.0,29,9628.0,卖盘
11:08:12,3.32,0.0,121,40272.0,卖盘
11:08:15,3.33,0.010000000000000231,236,78355.0,买盘
11:08:18,3.32,-0.010000000000000231,16,5312.0,卖盘
11:08:21,3.32,0.0,9,2988.0,卖盘
11:08:24,3.32,0.0,60,19924.0,卖盘
11:08:28,3.33,0.010000000000000231,19,6318.0,买盘
11:08:31,3.32,-0.010000000000000231,661,219841.0,卖盘
11:08:34,3.32,0.0,516,171312.0,卖盘
11:08:37,3.32,0.0,658,218486.0,卖盘
11:08:41,3.32,0.0,39,12948.0,卖盘
11:08:44,3.32,0.0,4,1328.0,卖盘
11:08:47,3.33,0.010000000000000231,183,60939.0,买盘
11:08:50,3.32,-0.010000000000000231,199,66131.0,卖盘
11:08:56,3.32,0.0,116,38527.0,卖盘
11:09:00,3.33,0.010000000000000231,7,2331.0,买盘
11:09:03,3.33,0.0,162,53946.0,买盘
11:09:06,3.32,-0.010000000000000231,87,28884.0,卖盘
11:09:09,3.33,0.010000000000000231,160,53156.0,买盘
11:09:12,3.32,-0.010000000000000231,19,6308.0,卖盘
11:09:15,3.32,0.0,331,109928.0,卖盘
11:09:18,3.32,0.0,12,3984.0,卖盘
11:09:21,3.32,0.0,59,19602.0,卖盘
11:09:25,3.33,0.010000000000000231,44,14609.0,买盘
11:09:28,3.32,-0.010000000000000231,220,73040.0,卖盘
11:09:31,3.32,0.0,35,11625.0,卖盘
11:09:34,3.32,0.0,63,20951.0,卖盘
11:09:38,3.32,0.0,158,52456.0,卖盘
11:09:41,3.32,0.0,13,4316.0,买盘
11:09:44,3.32,0.0,18,5976.0,卖盘
11:09:47,3.32,0.0,27,8964.0,买盘
11:09:50,3.33,0.010000000000000231,11,3653.0,买盘
11:09:53,3.32,-0.010000000000000231,21,6972.0,卖盘
11:09:57,3.32,0.0,189,62748.0,卖盘
11:10:00,3.32,0.0,91,30185.0,中性盘
11:10:06,3.32,0.0,161,53452.0,卖盘
11:10:09,3.31,-0.009999999999999787,85,28145.0,卖盘
11:10:12,3.31,0.0,127,42037.0,卖盘
11:10:15,3.31,0.0,9,2979.0,卖盘
11:10:18,3.31,0.0,9,2979.0,卖盘
11:10:22,3.31,0.0,10,3310.0,卖盘
11:10:25,3.32,0.009999999999999787,16,5299.0,买盘
11:10:28,3.31,-0.009999999999999787,22,7282.0,卖盘
11:10:31,3.32,0.009999999999999787,609,202184.0,买盘
11:10:38,3.31,-0.009999999999999787,4,1324.0,卖盘
11:10:41,3.32,0.009999999999999787,42,13944.0,买盘
11:10:50,3.32,0.0,3,996.0,买盘
11:10:54,3.32,0.0,101,33532.0,买盘
11:11:00,3.31,-0.009999999999999787,13,4312.0,卖盘
11:11:03,3.32,0.009999999999999787,91,30212.0,买盘
11:11:06,3.32,0.0,32,10624.0,买盘
11:11:09,3.31,-0.009999999999999787,22,7282.0,卖盘
11:11:15,3.32,0.009999999999999787,129,42819.0,买盘
11:11:19,3.32,0.0,584,193888.0,买盘
11:11:22,3.32,0.0,78,25896.0,买盘
11:11:25,3.33,0.010000000000000231,161,53455.0,买盘
11:11:29,3.32,-0.010000000000000231,72,23904.0,卖盘
11:11:32,3.32,0.0,19,6308.0,卖盘
11:11:35,3.32,0.0,78,25895.0,卖盘
11:11:38,3.32,0.0,109,36186.0,买盘
11:11:41,3.32,0.0,150,49800.0,买盘
11:11:44,3.31,-0.009999999999999787,78,25819.0,卖盘
11:11:47,3.32,0.009999999999999787,3,996.0,买盘
11:11:51,3.32,0.0,11,3642.0,买盘
11:11:54,3.32,0.0,69,22908.0,买盘
11:11:57,3.31,-0.009999999999999787,17,5627.0,卖盘
11:12:00,3.31,0.0,25,8288.0,卖盘
11:12:03,3.31,0.0,39,12910.0,卖盘
11:12:06,3.31,0.0,9,2982.0,卖盘
11:12:13,3.31,0.0,120,39820.0,卖盘
11:12:16,3.31,0.0,25,8278.0,卖盘
11:12:19,3.31,0.0,263,87315.0,卖盘
11:12:23,3.32,0.009999999999999787,11,3646.0,买盘
11:12:26,3.32,0.0,3,996.0,买盘
11:12:32,3.32,0.0,16,5312.0,买盘
11:12:35,3.32,0.0,651,216132.0,买盘
11:12:39,3.32,0.0,82,27228.0,卖盘
11:12:42,3.32,0.0,26,8632.0,卖盘
11:12:45,3.32,0.0,18,5976.0,卖盘
11:12:48,3.33,0.010000000000000231,414,137832.0,买盘
11:12:51,3.32,-0.010000000000000231,573,190258.0,卖盘
11:12:54,3.33,0.010000000000000231,881,292869.0,买盘
11:12:57,3.33,0.0,203,67399.0,买盘
11:13:00,3.33,0.0,2051,682982.0,买盘
11:13:04,3.32,-0.010000000000000231,110,36532.0,卖盘
11:13:07,3.35,0.03000000000000025,1971,657892.0,买盘
11:13:10,3.34,-0.010000000000000231,463,154645.0,卖盘
11:13:14,3.34,0.0,2254,754302.0,买盘
11:13:17,3.34,0.0,705,235549.0,卖盘
11:13:20,3.34,0.0,169,56446.0,卖盘
11:13:23,3.35,0.010000000000000231,2360,790650.0,买盘
11:13:26,3.35,0.0,230,77050.0,卖盘
11:13:29,3.35,0.0,138,46230.0,卖盘
11:13:33,3.34,-0.010000000000000231,184,61613.0,卖盘
11:13:36,3.35,0.010000000000000231,87,29146.0,卖盘
11:13:39,3.34,-0.010000000000000231,21,7018.0,卖盘
11:13:42,3.34,0.0,73,24382.0,卖盘
11:13:45,3.34,0.0,694,231863.0,买盘
11:13:51,3.33,-0.009999999999999787,255,84918.0,卖盘
11:13:54,3.33,0.0,38,12668.0,卖盘
11:13:58,3.33,0.0,63,20979.0,卖盘
11:14:01,3.33,0.0,89,29637.0,买盘
11:14:04,3.33,0.0,55,18330.0,卖盘
11:14:07,3.33,0.0,186,61938.0,中性盘
11:14:11,3.34,0.009999999999999787,267,88975.0,买盘
11:14:14,3.33,-0.009999999999999787,43,14319.0,卖盘
11:14:17,3.33,0.0,345,115029.0,卖盘
11:14:20,3.34,0.009999999999999787,234,78029.0,买盘
11:14:23,3.33,-0.009999999999999787,24,7992.0,卖盘
11:14:27,3.33,0.0,30,9990.0,卖盘
11:14:30,3.33,0.0,29,9657.0,卖盘
11:14:33,3.33,0.0,64,21312.0,卖盘
11:14:36,3.33,0.0,51,16993.0,卖盘
11:14:39,3.34,0.009999999999999787,350,116844.0,买盘
11:14:42,3.33,-0.009999999999999787,367,122231.0,卖盘
11:14:45,3.34,0.009999999999999787,270,90048.0,买盘
11:14:48,3.34,0.0,73,24363.0,买盘
11:14:52,3.33,-0.009999999999999787,8,2665.0,卖盘
11:14:55,3.33,0.0,1,333.0,卖盘
11:14:58,3.32,-0.010000000000000231,8,2660.0,卖盘
11:15:01,3.33,0.010000000000000231,10,3330.0,买盘
11:15:05,3.33,0.0,42,13986.0,买盘
11:15:08,3.33,0.0,54,17982.0,买盘
11:15:11,3.33,0.0,68,22644.0,买盘
11:15:14,3.33,0.0,53,17649.0,买盘
11:15:17,3.33,0.0,5,1665.0,买盘
11:15:21,3.33,0.0,27,8990.0,买盘
11:15:24,3.32,-0.010000000000000231,448,148861.0,卖盘
11:15:27,3.32,0.0,25,8308.0,卖盘
11:15:30,3.32,0.0,426,141829.0,卖盘
11:15:33,3.32,0.0,62,20584.0,卖盘
11:15:36,3.32,0.0,270,89663.0,卖盘
11:15:39,3.32,0.0,31,10292.0,卖盘
11:15:42,3.32,0.0,11,3652.0,卖盘
11:15:45,3.33,0.010000000000000231,816,271526.0,买盘
11:15:49,3.33,0.0,3,999.0,买盘
11:15:52,3.34,0.009999999999999787,196,65140.0,买盘
11:15:55,3.33,-0.009999999999999787,147,48805.0,买盘
11:15:59,3.32,-0.010000000000000231,642,213149.0,卖盘
11:16:02,3.33,0.010000000000000231,165,54787.0,买盘
11:16:05,3.32,-0.010000000000000231,37,12284.0,卖盘
11:16:08,3.32,0.0,3,996.0,卖盘
11:16:11,3.32,0.0,236,78390.0,卖盘
11:16:18,3.32,0.0,384,127510.0,卖盘
11:16:21,3.32,0.0,254,84447.0,卖盘
11:16:24,3.32,0.0,35,11620.0,卖盘
11:16:27,3.32,0.0,378,125740.0,卖盘
11:16:30,3.32,0.0,22,7304.0,卖盘
11:16:33,3.32,0.0,2,664.0,卖盘
11:16:36,3.32,0.0,112,37185.0,卖盘
11:16:46,3.33,0.010000000000000231,31,10323.0,买盘
11:16:52,3.32,-0.010000000000000231,10,3320.0,卖盘
11:16:56,3.32,0.0,3,996.0,卖盘
11:16:59,3.32,0.0,100,33200.0,卖盘
11:17:05,3.33,0.010000000000000231,110,36630.0,买盘
11:17:08,3.32,-0.010000000000000231,322,106904.0,卖盘
11:17:12,3.32,0.0,178,59097.0,中性盘
11:17:15,3.32,0.0,135,44829.0,卖盘
11:17:18,3.32,0.0,13,4316.0,卖盘
11:17:21,3.32,0.0,45,14940.0,卖盘
11:17:24,3.32,0.0,2,664.0,卖盘
11:17:27,3.32,0.0,9,2988.0,卖盘
11:17:30,3.32,0.0,66,21912.0,卖盘
11:17:33,3.32,0.0,35,11620.0,买盘
11:17:37,3.32,0.0,95,31540.0,买盘
11:17:40,3.32,0.0,111,36852.0,买盘
11:17:43,3.32,0.0,9,2988.0,买盘
11:17:50,3.32,0.0,156,51792.0,中性盘
11:17:53,3.32,0.0,3,996.0,买盘
11:18:02,3.32,0.0,10,3320.0,买盘
11:18:08,3.32,0.0,660,219120.0,买盘
11:18:12,3.32,0.0,103,34196.0,买盘
11:18:15,3.32,0.0,12,3984.0,卖盘
11:18:18,3.32,0.0,5,1660.0,卖盘
11:18:21,3.32,0.0,26,8632.0,卖盘
11:18:24,3.32,0.0,70,23240.0,卖盘
11:18:27,3.32,0.0,4,1328.0,卖盘
11:18:30,3.32,0.0,25,8300.0,卖盘
11:18:33,3.32,0.0,217,72057.0,卖盘
11:18:36,3.32,0.0,81,26892.0,卖盘
11:18:40,3.32,0.0,56,18592.0,卖盘
11:18:43,3.32,0.0,88,29235.0,卖盘
11:18:47,3.32,0.0,39,12948.0,卖盘
11:18:50,3.32,0.0,54,17928.0,卖盘
11:18:53,3.32,0.0,40,13280.0,卖盘
11:18:56,3.32,0.0,5,1660.0,买盘
11:18:59,3.32,0.0,92,30544.0,买盘
11:19:02,3.32,0.0,58,19256.0,买盘
11:19:05,3.32,0.0,20,6640.0,买盘
11:19:12,3.31,-0.009999999999999787,14,4634.0,卖盘
11:19:15,3.32,0.009999999999999787,3,996.0,买盘
11:19:21,3.31,-0.009999999999999787,50,16585.0,卖盘
11:19:24,3.31,0.0,19,6292.0,卖盘
11:19:27,3.31,0.0,23,7618.0,卖盘
11:19:30,3.31,0.0,16,5299.0,卖盘
11:19:34,3.31,0.0,33,10937.0,卖盘
11:19:37,3.31,0.0,12,3972.0,卖盘
11:19:40,3.31,0.0,439,145309.0,卖盘
11:19:44,3.32,0.009999999999999787,50,16600.0,买盘
11:19:53,3.32,0.0,211,69962.0,买盘
11:19:59,3.32,0.0,28,9286.0,买盘
11:20:06,3.32,0.0,29,9623.0,买盘
11:20:09,3.32,0.0,19,6307.0,买盘
11:20:12,3.32,0.0,8,2656.0,买盘
11:20:15,3.31,-0.009999999999999787,12,3979.0,卖盘
11:20:18,3.31,0.0,27,8944.0,卖盘
11:20:24,3.31,0.0,35,11585.0,卖盘
11:20:31,3.31,0.0,2,663.0,卖盘
11:20:37,3.31,0.0,40,13270.0,卖盘
11:20:41,3.32,0.009999999999999787,45,14940.0,买盘
11:20:44,3.31,-0.009999999999999787,4,1324.0,卖盘
11:20:47,3.32,0.009999999999999787,2,664.0,买盘
11:20:53,3.32,0.0,113,37516.0,买盘
11:20:56,3.32,0.0,1,332.0,买盘
11:20:59,3.31,-0.009999999999999787,2,662.0,卖盘
11:21:15,3.31,0.0,1,331.0,卖盘
11:21:21,3.31,0.0,1,331.0,卖盘
11:21:25,3.32,0.009999999999999787,3,994.0,买盘
11:21:28,3.31,-0.009999999999999787,28,9268.0,卖盘
11:21:38,3.31,0.0,10,3310.0,卖盘
11:21:44,3.31,0.0,5,1655.0,卖盘
11:21:47,3.32,0.009999999999999787,221,73372.0,买盘
11:21:50,3.31,-0.009999999999999787,49,16247.0,卖盘
11:21:53,3.32,0.009999999999999787,1,332.0,买盘
11:21:57,3.32,0.0,51,16932.0,买盘
11:22:00,3.32,0.0,46,15272.0,买盘
11:22:03,3.31,-0.009999999999999787,142,47002.0,卖盘
11:22:06,3.32,0.009999999999999787,5,1660.0,买盘
11:22:09,3.32,0.0,169,56108.0,买盘
11:22:12,3.31,-0.009999999999999787,26,8607.0,卖盘
11:22:15,3.32,0.009999999999999787,80,26560.0,买盘
11:22:18,3.32,0.0,86,28552.0,买盘
11:22:22,3.32,0.0,3,995.0,买盘
11:22:25,3.31,-0.009999999999999787,13,4306.0,卖盘
11:22:28,3.32,0.009999999999999787,31,10292.0,买盘
11:22:32,3.32,0.0,106,35192.0,买盘
11:22:35,3.31,-0.009999999999999787,5,1655.0,卖盘
11:22:38,3.31,0.0,525,173875.0,卖盘
11:22:41,3.31,0.0,88,29128.0,卖盘
11:22:44,3.31,0.0,1,331.0,卖盘
11:22:47,3.32,0.009999999999999787,68,22538.0,买盘
11:22:51,3.31,-0.009999999999999787,4,1326.0,卖盘
11:22:54,3.32,0.009999999999999787,10,3320.0,买盘
11:23:00,3.32,0.0,13,4305.0,买盘
11:23:03,3.31,-0.009999999999999787,13,4315.0,卖盘
11:23:06,3.32,0.009999999999999787,122,40504.0,买盘
11:23:12,3.32,0.0,864,286848.0,买盘
11:23:16,3.31,-0.009999999999999787,600,199166.53999999166,卖盘
11:23:19,3.32,0.009999999999999787,185,61420.0,买盘
11:23:22,3.32,0.0,5,1660.0,卖盘
11:23:25,3.32,0.0,46,15272.0,卖盘
11:23:29,3.32,0.0,11,3652.0,卖盘
11:23:32,3.32,0.0,8,2656.0,卖盘
11:23:35,3.32,0.0,22,7304.0,卖盘
11:23:38,3.32,0.0,64,21302.0,卖盘
11:23:41,3.32,0.0,270,89640.0,卖盘
11:23:44,3.32,0.0,2,664.0,卖盘
11:23:47,3.32,0.0,161,53602.0,卖盘
11:23:51,3.33,0.010000000000000231,50,16650.0,买盘
11:23:54,3.32,-0.010000000000000231,467,155046.0,卖盘
11:23:57,3.32,0.0,65,21580.0,买盘
11:24:00,3.32,0.0,79,26228.0,买盘
11:24:03,3.32,0.0,12,3984.0,买盘
11:24:06,3.33,0.010000000000000231,172,57105.0,买盘
11:24:09,3.32,-0.010000000000000231,115,38180.0,卖盘
11:24:12,3.32,0.0,2,664.0,买盘
11:24:16,3.32,0.0,2,664.0,买盘
11:24:19,3.32,0.0,80,26560.0,买盘
11:24:22,3.32,0.0,160,53120.0,买盘
11:24:25,3.32,0.0,88,29216.0,卖盘
11:24:29,3.32,0.0,18,5976.0,卖盘
11:24:32,3.32,0.0,28,9296.0,卖盘
11:24:35,3.32,0.0,131,43542.0,卖盘
11:24:38,3.32,0.0,18,5976.0,卖盘
11:24:41,3.32,0.0,138,45816.0,卖盘
11:24:44,3.32,0.0,177,58764.0,卖盘
11:24:48,3.32,0.0,24,7983.0,卖盘
11:24:54,3.32,0.0,11,3652.0,买盘
11:24:57,3.32,0.0,114,37835.0,买盘
11:25:00,3.32,0.0,95,31540.0,买盘
11:25:06,3.32,0.0,10,3320.0,买盘
11:25:09,3.32,0.0,5,1660.0,买盘
11:25:13,3.32,0.0,351,116528.0,买盘
11:25:16,3.32,0.0,6,1987.0,买盘
11:25:19,3.32,0.0,211,70052.0,买盘
11:25:22,3.32,0.0,40,13280.0,买盘
11:25:26,3.32,0.0,69,22908.0,买盘
11:25:29,3.32,0.0,5,1660.0,买盘
11:25:32,3.32,0.0,291,96612.0,买盘
11:25:38,3.32,0.0,31,10292.0,买盘
11:25:42,3.32,0.0,10,3320.0,买盘
11:25:45,3.32,0.0,251,83332.0,买盘
11:25:48,3.31,-0.009999999999999787,3,993.0,卖盘
11:25:54,3.32,0.009999999999999787,15,4980.0,买盘
11:25:57,3.32,0.0,6,1992.0,买盘
11:26:00,3.32,0.0,343,113871.0,买盘
11:26:03,3.31,-0.009999999999999787,66,21898.0,卖盘
11:26:06,3.32,0.009999999999999787,1,332.0,中性盘
11:26:10,3.32,0.0,303,100596.0,卖盘
11:26:13,3.32,0.0,10,3320.0,卖盘
11:26:16,3.32,0.0,131,43596.0,卖盘
11:26:20,3.31,-0.009999999999999787,16,5297.0,卖盘
11:26:26,3.32,0.009999999999999787,30,9960.0,买盘
11:26:29,3.32,0.0,1,332.0,买盘
11:26:42,3.31,-0.009999999999999787,158,52454.0,卖盘
11:26:48,3.32,0.009999999999999787,32,10624.0,买盘
11:26:51,3.32,0.0,27,9031.120000004768,卖盘
11:26:54,3.32,0.0,40,13280.0,卖盘
11:26:57,3.32,0.0,15,4980.0,卖盘
11:27:00,3.32,0.0,324,107568.0,卖盘
11:27:03,3.33,0.010000000000000231,140,46481.0,买盘
11:27:10,3.32,-0.010000000000000231,9,2988.0,卖盘
11:27:13,3.33,0.010000000000000231,1,333.0,买盘
11:27:17,3.32,-0.010000000000000231,11,3652.0,卖盘
11:27:20,3.33,0.010000000000000231,78,25974.0,买盘
11:27:23,3.32,-0.010000000000000231,39,12952.0,卖盘
11:27:26,3.33,0.010000000000000231,50,16612.0,买盘
11:27:29,3.33,0.0,630,209790.0,买盘
11:27:32,3.32,-0.010000000000000231,13,4324.0,卖盘
11:27:36,3.32,0.0,11,3653.0,卖盘
11:27:39,3.32,0.0,76,25280.0,卖盘
11:27:42,3.33,0.010000000000000231,101,33633.0,买盘
11:27:51,3.33,0.0,1,333.0,买盘
11:27:57,3.33,0.0,43,14319.0,买盘
11:28:04,3.32,-0.010000000000000231,68,22606.0,卖盘
11:28:07,3.32,0.0,16,5312.0,卖盘
11:28:11,3.32,0.0,13,4316.0,卖盘
11:28:14,3.32,0.0,66,21962.0,卖盘
11:28:17,3.32,0.0,23,7637.0,卖盘
11:28:20,3.32,0.0,12,3984.0,卖盘
11:28:23,3.32,0.0,50,16600.0,卖盘
11:28:26,3.32,0.0,56,18592.0,卖盘
11:28:30,3.32,0.0,834,277166.87999999523,卖盘
11:28:33,3.32,0.0,1334,442649.0,买盘
11:28:39,3.31,-0.009999999999999787,11,3641.0,卖盘
11:28:42,3.31,0.0,67,22189.0,卖盘
11:28:45,3.31,0.0,1,331.0,卖盘
11:28:54,3.31,0.0,22,7284.0,卖盘
11:28:58,3.31,0.0,10,3310.0,卖盘
11:29:01,3.32,0.009999999999999787,168,55776.0,买盘
11:29:04,3.31,-0.009999999999999787,20,6620.0,卖盘
11:29:08,3.31,0.0,150,49650.0,卖盘
11:29:11,3.31,0.0,58,19214.0,卖盘
11:29:14,3.31,0.0,156,51781.0,卖盘
11:29:17,3.32,0.009999999999999787,12,3974.0,买盘
11:29:20,3.31,-0.009999999999999787,197,65260.0,卖盘
11:29:24,3.31,0.0,13,4306.0,卖盘
11:29:27,3.31,0.0,84,27804.0,卖盘
11:29:30,3.31,0.0,414,137034.0,卖盘
11:29:33,3.32,0.009999999999999787,1,332.0,买盘
11:29:36,3.31,-0.009999999999999787,32,10592.0,卖盘
11:29:39,3.32,0.009999999999999787,62,20584.0,买盘
11:29:45,3.32,0.0,35,11600.0,买盘
11:29:52,3.31,-0.009999999999999787,1,331.0,卖盘
11:29:55,3.32,0.009999999999999787,45,14939.0,买盘
11:29:58,3.32,0.0,2,664.0,买盘
11:30:01,3.32,0.0,5,1660.0,买盘
13:00:01,3.32,0.0,301,99840.0,买盘
13:00:03,3.32,0.0,3694,1226644.1200000048,买盘
13:00:07,3.32,0.0,1971,654402.0,卖盘
13:00:11,3.32,0.0,61,20252.0,买盘
13:00:14,3.32,0.0,214,71004.0,买盘
13:00:17,3.31,-0.009999999999999787,277,91687.0,卖盘
13:00:20,3.31,0.0,47,15557.0,卖盘
13:00:23,3.31,0.0,1578,522397.0,卖盘
13:00:27,3.31,0.0,641,212681.0,卖盘
13:00:30,3.31,0.0,590,195340.0,卖盘
13:00:33,3.31,0.0,865,286315.0,卖盘
13:00:36,3.31,0.0,352,116512.0,卖盘
13:00:39,3.31,0.0,271,89701.0,卖盘
13:00:42,3.31,0.0,439,145319.0,卖盘
13:00:45,3.31,0.0,14,4634.0,卖盘
13:00:48,3.31,0.0,1,331.0,卖盘
13:00:58,3.31,0.0,16,5296.0,卖盘
13:01:01,3.31,0.0,2,662.0,卖盘
13:01:05,3.32,0.009999999999999787,171,56696.0,买盘
13:01:08,3.31,-0.009999999999999787,96,31776.0,卖盘
13:01:11,3.31,0.0,1809,598997.4600000083,卖盘
13:01:14,3.31,0.0,61,20191.0,买盘
13:01:17,3.3,-0.010000000000000231,86,28380.0,卖盘
13:01:21,3.3,0.0,40,13209.0,卖盘
13:01:24,3.3,0.0,745,245850.0,卖盘
13:01:27,3.3,0.0,20,6600.0,卖盘
13:01:33,3.31,0.010000000000000231,166,54946.0,买盘
13:01:36,3.31,0.0,277,91536.0,买盘
13:01:39,3.3,-0.010000000000000231,5,1650.0,卖盘
13:01:42,3.31,0.010000000000000231,117,38717.0,买盘
13:01:46,3.31,0.0,3,993.0,买盘
13:01:49,3.31,0.0,3,993.0,买盘
13:01:59,3.31,0.0,5,1655.0,买盘
13:02:02,3.31,0.0,4,1322.0,买盘
13:02:08,3.31,0.0,55,18175.0,买盘
13:02:14,3.3,-0.010000000000000231,16,5280.0,卖盘
13:02:18,3.3,0.0,14,4620.0,卖盘
13:02:21,3.3,0.0,17,5620.0,卖盘
13:02:24,3.3,0.0,13,4290.0,卖盘
13:02:27,3.3,0.0,506,166980.0,卖盘
13:02:30,3.3,0.0,8,2647.0,卖盘
13:02:33,3.3,0.0,79,26070.0,卖盘
13:02:43,3.31,0.010000000000000231,4,1324.0,买盘
13:02:46,3.3,-0.010000000000000231,6,1980.0,卖盘
13:02:49,3.3,0.0,2,660.0,卖盘
13:02:52,3.3,0.0,33,10890.0,卖盘
13:02:56,3.3,0.0,60,19830.0,卖盘
13:03:02,3.31,0.010000000000000231,300,99300.0,买盘
13:03:05,3.3,-0.010000000000000231,31,10230.0,卖盘
13:03:08,3.3,0.0,26,8580.0,卖盘
13:03:11,3.3,0.0,121,39930.0,卖盘
13:03:15,3.3,0.0,46,15180.0,卖盘
13:03:18,3.3,0.0,26,8581.0,卖盘
13:03:21,3.3,0.0,253,83490.0,卖盘
13:03:24,3.3,0.0,49,16170.0,卖盘
13:03:27,3.3,0.0,353,116490.0,卖盘
13:03:30,3.3,0.0,68,22440.0,卖盘
13:03:33,3.31,0.010000000000000231,199,65710.0,买盘
13:03:43,3.31,0.0,13,4303.0,买盘
13:03:49,3.31,0.0,35,11585.0,买盘
13:03:56,3.31,0.0,1,331.0,买盘
13:03:59,3.31,0.0,5,1655.0,买盘
13:04:02,3.31,0.0,70,23170.0,买盘
13:04:09,3.3,-0.010000000000000231,280,92594.0,卖盘
13:04:12,3.31,0.010000000000000231,99,32676.0,买盘
13:04:15,3.3,-0.010000000000000231,49,16170.0,卖盘
13:04:18,3.3,0.0,2,660.0,卖盘
13:04:21,3.3,0.0,1,330.0,卖盘
13:04:31,3.3,0.0,13,4296.0,卖盘
13:04:34,3.3,0.0,7,2310.0,卖盘
13:04:41,3.31,0.010000000000000231,8,2648.0,买盘
13:04:53,3.31,0.0,610,201910.0,买盘
13:05:00,3.3,-0.010000000000000231,229,75572.0,卖盘
13:05:03,3.3,0.0,60,19802.0,卖盘
13:05:06,3.31,0.010000000000000231,227,75137.0,买盘
13:05:09,3.3,-0.010000000000000231,40,13210.0,卖盘
13:05:12,3.3,0.0,73,24117.0,卖盘
13:05:15,3.31,0.010000000000000231,135,44657.0,买盘
13:05:18,3.3,-0.010000000000000231,31,10230.0,卖盘
13:05:21,3.3,0.0,480,158400.0,卖盘
13:05:25,3.3,0.0,4963,1637948.0,卖盘
13:05:28,3.3,0.0,29,9557.0,买盘
13:05:31,3.3,0.0,8,2640.0,买盘
13:05:35,3.3,0.0,23,7590.0,买盘
13:05:38,3.29,-0.009999999999999787,56,18454.0,卖盘
13:05:41,3.29,0.0,60,19760.0,卖盘
13:05:50,3.29,0.0,182,59878.0,卖盘
13:05:53,3.3,0.009999999999999787,107,35310.0,买盘
13:05:57,3.3,0.0,142,46820.0,买盘
13:06:00,3.3,0.0,10,3300.0,买盘
13:06:06,3.3,0.0,20,6590.0,买盘
13:06:09,3.3,0.0,52,17160.0,买盘
13:06:12,3.3,0.0,407,134293.0,买盘
13:06:15,3.3,0.0,60,19750.0,买盘
13:06:19,3.3,0.0,26,8580.0,买盘
13:06:22,3.29,-0.009999999999999787,26,8574.0,卖盘
13:06:29,3.3,0.009999999999999787,4,1320.0,买盘
13:06:35,3.29,-0.009999999999999787,2,658.0,卖盘
13:06:51,3.29,0.0,4,1316.0,卖盘
13:06:54,3.29,0.0,43,14185.0,卖盘
13:07:00,3.29,0.0,32,10528.0,卖盘
13:07:03,3.29,0.0,995,327355.0,卖盘
13:07:06,3.3,0.009999999999999787,28,9213.0,买盘
13:07:09,3.3,0.0,60,19800.0,买盘
13:07:12,3.29,-0.009999999999999787,81,26659.0,卖盘
13:07:16,3.29,0.0,33,10877.0,卖盘
13:07:19,3.29,0.0,9,2961.0,卖盘
13:07:22,3.29,0.0,382,125678.0,卖盘
13:07:26,3.29,0.0,4,1316.0,卖盘
13:07:29,3.29,0.0,242,79618.0,卖盘
13:07:32,3.29,0.0,29,9541.0,卖盘
13:07:35,3.3,0.009999999999999787,638,209925.0,买盘
13:07:38,3.29,-0.009999999999999787,24,7896.0,卖盘
13:07:41,3.29,0.0,51,16779.0,卖盘
13:07:48,3.29,0.0,370,121730.0,卖盘
13:07:50,3.29,0.0,1127,370783.0,卖盘
13:07:54,3.29,0.0,177,58233.0,卖盘
13:08:00,3.29,0.0,35,11515.0,卖盘
13:08:03,3.3,0.009999999999999787,8,2636.0,买盘
13:08:06,3.29,-0.009999999999999787,90,29626.0,卖盘
13:08:09,3.3,0.009999999999999787,6,1980.0,买盘
13:08:12,3.29,-0.009999999999999787,252,83058.0,卖盘
13:08:16,3.3,0.009999999999999787,6,1980.0,买盘
13:08:19,3.29,-0.009999999999999787,90,29610.0,卖盘
13:08:29,3.29,0.0,19,6251.0,卖盘
13:08:42,3.29,0.0,100,32900.0,卖盘
13:08:45,3.3,0.009999999999999787,50,16500.0,买盘
13:08:51,3.3,0.0,38,12540.0,买盘
13:08:54,3.29,-0.009999999999999787,15,4935.0,卖盘
13:08:57,3.3,0.009999999999999787,2,660.0,买盘
13:09:00,3.3,0.0,5,1650.0,买盘
13:09:03,3.29,-0.009999999999999787,9,2962.0,卖盘
13:09:06,3.3,0.009999999999999787,21,6921.0,买盘
13:09:10,3.29,-0.009999999999999787,8,2632.0,卖盘
13:09:13,3.3,0.009999999999999787,101,33311.0,买盘
13:09:17,3.29,-0.009999999999999787,5,1645.0,卖盘
13:09:20,3.29,0.0,15,4935.0,卖盘
13:09:23,3.29,0.0,9,2961.0,卖盘
13:09:36,3.3,0.009999999999999787,94,31010.0,买盘
13:09:39,3.29,-0.009999999999999787,9,2961.0,卖盘
13:09:45,3.29,0.0,193,63498.0,卖盘
13:09:48,3.29,0.0,180,59231.0,卖盘
13:09:51,3.29,0.0,357,117473.0,卖盘
13:09:54,3.29,0.0,307,101003.0,卖盘
13:10:01,3.3,0.009999999999999787,18,5940.0,买盘
13:10:04,3.29,-0.009999999999999787,7,2308.0,卖盘
13:10:14,3.29,0.0,51,16779.0,卖盘
13:10:17,3.29,0.0,98,32249.0,卖盘
13:10:20,3.29,0.0,487,160223.0,卖盘
13:10:23,3.29,0.0,72,23688.0,卖盘
13:10:26,3.29,0.0,20,6580.0,卖盘
13:10:30,3.3,0.009999999999999787,76,25006.0,买盘
13:10:33,3.29,-0.009999999999999787,53,17437.0,卖盘
13:10:36,3.3,0.009999999999999787,272,89492.0,买盘
13:10:42,3.3,0.0,1,330.0,买盘
13:10:45,3.29,-0.009999999999999787,3,987.0,卖盘
13:10:48,3.29,0.0,4,1316.0,卖盘
13:10:51,3.3,0.009999999999999787,401,132290.0,买盘
13:10:55,3.29,-0.009999999999999787,13,4277.0,卖盘
13:10:58,3.29,0.0,4,1316.0,卖盘
13:11:01,3.29,0.0,5,1645.0,卖盘
13:11:04,3.29,0.0,8,2632.0,卖盘
13:11:08,3.29,0.0,31,10199.0,卖盘
13:11:11,3.3,0.009999999999999787,47,15510.0,买盘
13:11:14,3.29,-0.009999999999999787,24,7916.0,卖盘
13:11:17,3.29,0.0,3,987.0,卖盘
13:11:20,3.29,0.0,13,4277.0,卖盘
13:11:24,3.29,0.0,220,72380.0,卖盘
13:11:33,3.29,0.0,9,2961.0,卖盘
13:11:36,3.29,0.0,2,658.0,卖盘
13:11:39,3.29,0.0,33,10857.0,卖盘
13:11:48,3.3,0.009999999999999787,6,1975.0,买盘
13:11:55,3.29,-0.009999999999999787,170,55930.0,卖盘
13:12:05,3.3,0.009999999999999787,190,62697.0,买盘
13:12:11,3.29,-0.009999999999999787,1,329.0,卖盘
13:12:18,3.29,0.0,15,4935.0,卖盘
13:12:27,3.3,0.009999999999999787,15,4950.0,买盘
13:12:30,3.3,0.0,158,52140.0,买盘
13:12:33,3.29,-0.009999999999999787,12,3948.0,卖盘
13:12:39,3.3,0.009999999999999787,10,3300.0,买盘
13:12:43,3.3,0.0,214,70408.0,买盘
13:12:49,3.3,0.0,119,39270.0,买盘
13:12:52,3.3,0.0,18,5940.0,买盘
13:12:59,3.3,0.0,183,60390.0,买盘
13:13:02,3.29,-0.009999999999999787,75,24675.0,卖盘
13:13:05,3.29,0.0,3,987.0,卖盘
13:13:12,3.3,0.009999999999999787,21,6930.0,买盘
13:13:15,3.29,-0.009999999999999787,67,22103.0,卖盘
13:13:18,3.29,0.0,191,62839.0,卖盘
13:13:27,3.29,0.0,302,99358.0,卖盘
13:13:33,3.3,0.009999999999999787,50,16500.0,买盘
13:13:36,3.29,-0.009999999999999787,24,7896.0,卖盘
13:13:40,3.29,0.0,69,22701.0,卖盘
13:13:43,3.3,0.009999999999999787,210,69300.0,买盘
13:13:49,3.3,0.0,2,660.0,买盘
13:13:53,3.29,-0.009999999999999787,240,78960.0,卖盘
13:14:05,3.3,0.009999999999999787,68,22440.0,买盘
13:14:09,3.29,-0.009999999999999787,30,9870.0,卖盘
13:14:12,3.29,0.0,551,181279.0,卖盘
13:14:15,3.29,0.0,11,3619.0,卖盘
13:14:18,3.29,0.0,31,10199.0,卖盘
13:14:21,3.29,0.0,300,98720.0,卖盘
13:14:24,3.29,0.0,1,329.0,卖盘
13:14:27,3.29,0.0,80,26320.0,卖盘
13:14:31,3.29,0.0,1,329.0,卖盘
13:14:34,3.29,0.0,51,16797.0,卖盘
13:14:37,3.29,0.0,43,14147.0,卖盘
13:14:41,3.29,0.0,55,18095.0,卖盘
13:14:44,3.3,0.009999999999999787,7,2304.0,买盘
13:14:47,3.29,-0.009999999999999787,235,77545.0,卖盘
13:14:50,3.3,0.009999999999999787,12,3958.0,买盘
13:14:53,3.29,-0.009999999999999787,14,4606.0,卖盘
13:14:56,3.29,0.0,6,1974.0,卖盘
13:14:59,3.3,0.009999999999999787,150,49500.0,买盘
13:15:03,3.3,0.0,1,330.0,买盘
13:15:09,3.29,-0.009999999999999787,31,10229.0,卖盘
13:15:12,3.29,0.0,6,1974.0,卖盘
13:15:15,3.29,0.0,235,77515.0,卖盘
13:15:18,3.29,0.0,25,8225.0,卖盘
13:15:21,3.29,0.0,490,161218.0,卖盘
13:15:25,3.29,0.0,768,252672.0,卖盘
13:15:28,3.29,0.0,111,36523.0,卖盘
13:15:31,3.29,0.0,37,12173.0,卖盘
13:15:35,3.29,0.0,86,28294.0,买盘
13:15:38,3.29,0.0,49,16121.0,买盘
13:15:41,3.29,0.0,4,1316.0,买盘
13:15:44,3.29,0.0,110,36190.0,买盘
13:15:50,3.29,0.0,40,13160.0,买盘
13:15:53,3.29,0.0,39,12831.0,买盘
13:16:00,3.29,0.0,1,329.0,买盘
13:16:03,3.29,0.0,10,3290.0,买盘
13:16:06,3.29,0.0,161,52969.0,买盘
13:16:09,3.29,0.0,2,658.0,买盘
13:16:12,3.28,-0.010000000000000231,25,8222.0,卖盘
13:16:15,3.29,0.010000000000000231,523,171571.0,买盘
13:16:18,3.29,0.0,20,6580.0,买盘
13:16:28,3.29,0.0,1,329.0,买盘
13:16:41,3.29,0.0,119,39151.0,买盘
13:16:44,3.29,0.0,688,226330.0,买盘
13:16:49,3.28,-0.010000000000000231,3001,984328.0,卖盘
13:16:57,3.28,0.0,5,1640.0,卖盘
13:17:03,3.28,0.0,66,21648.0,卖盘
13:17:06,3.28,0.0,65,21320.0,卖盘
13:17:15,3.28,0.0,177,58060.0,卖盘
13:17:19,3.28,0.0,133,43624.0,卖盘
13:17:29,3.28,0.0,42,13776.0,卖盘
13:17:32,3.28,0.0,435,142680.0,买盘
13:17:35,3.28,0.0,2,656.0,卖盘
13:17:38,3.28,0.0,7,2296.0,卖盘
13:17:41,3.28,0.0,69,22632.0,卖盘
13:17:51,3.28,0.0,50,16400.0,卖盘
13:17:57,3.28,0.0,100,32800.0,卖盘
13:18:00,3.28,0.0,100,32800.0,卖盘
13:18:06,3.28,0.0,31,10168.0,卖盘
13:18:09,3.28,0.0,8,2624.0,卖盘
13:18:12,3.28,0.0,1,328.0,卖盘
13:18:16,3.28,0.0,95,31160.0,卖盘
13:18:22,3.28,0.0,5,1643.0,卖盘
13:18:25,3.28,0.0,30,9840.0,卖盘
13:18:29,3.28,0.0,10,3280.0,卖盘
13:18:32,3.28,0.0,35,11480.0,卖盘
13:18:35,3.28,0.0,55,18040.0,卖盘
13:18:38,3.29,0.010000000000000231,20,6580.0,买盘
13:18:45,3.29,0.0,21,6909.0,买盘
13:18:51,3.29,0.0,9,2961.0,买盘
13:18:54,3.29,0.0,4,1316.0,买盘
13:18:57,3.29,0.0,1,329.0,买盘
13:19:00,3.28,-0.010000000000000231,1,328.0,卖盘
13:19:03,3.28,0.0,21,6888.0,卖盘
13:19:06,3.29,0.010000000000000231,628,206612.0,买盘
13:19:10,3.28,-0.010000000000000231,1,328.0,卖盘
13:19:13,3.29,0.010000000000000231,1,329.0,买盘
13:19:20,3.29,0.0,21,6909.0,买盘
13:19:23,3.29,0.0,2,658.0,买盘
13:19:26,3.28,-0.010000000000000231,87,28536.0,卖盘
13:19:29,3.29,0.010000000000000231,35,11515.0,买盘
13:19:32,3.29,0.0,22,7238.0,买盘
13:19:39,3.29,0.0,16,5264.0,买盘
13:19:42,3.29,0.0,89,29281.0,买盘
13:19:45,3.29,0.0,305,100345.0,买盘
13:19:54,3.29,0.0,124,40796.0,买盘
13:20:00,3.29,0.0,109,35861.0,买盘
13:20:03,3.28,-0.010000000000000231,276,90531.0,卖盘
13:20:07,3.29,0.010000000000000231,306,100529.0,买盘
13:20:10,3.29,0.0,100,32900.0,买盘
13:20:14,3.29,0.0,167,54943.0,买盘
13:20:17,3.29,0.0,4,1316.0,买盘
13:20:20,3.29,0.0,17,5593.0,买盘
13:20:23,3.29,0.0,10,3290.0,买盘
13:20:26,3.29,0.0,76,25004.0,买盘
13:20:29,3.29,0.0,4,1316.0,买盘
13:20:33,3.29,0.0,1,329.0,买盘
13:20:36,3.29,0.0,14,4606.0,买盘
13:20:39,3.29,0.0,177,58163.0,买盘
13:20:42,3.29,0.0,4,1316.0,买盘
13:20:45,3.29,0.0,14,4606.0,买盘
13:20:48,3.28,-0.010000000000000231,78,25584.0,卖盘
13:20:51,3.28,0.0,124,40682.0,卖盘
13:20:54,3.28,0.0,63,20664.0,卖盘
13:20:57,3.28,0.0,50,16400.0,卖盘
13:21:01,3.28,0.0,1096,359488.0,卖盘
13:21:04,3.27,-0.009999999999999787,9,2944.0,卖盘
13:21:07,3.28,0.009999999999999787,96,31488.0,买盘
13:21:14,3.28,0.0,134,43952.0,买盘
13:21:17,3.28,0.0,371,121688.0,买盘
13:21:20,3.28,0.0,145,47560.0,卖盘
13:21:26,3.28,0.0,10,3280.0,卖盘
13:21:30,3.28,0.0,3,984.0,卖盘
13:21:33,3.28,0.0,1,328.0,卖盘
13:21:36,3.28,0.0,10,3280.0,卖盘
13:21:45,3.29,0.010000000000000231,35,11500.0,买盘
13:21:48,3.28,-0.010000000000000231,155,50840.0,卖盘
13:21:54,3.28,0.0,3,984.0,卖盘
13:22:01,3.28,0.0,1,328.0,卖盘
13:22:08,3.28,0.0,60,19680.0,卖盘
13:22:14,3.28,0.0,26,8533.0,卖盘
13:22:17,3.28,0.0,6,1968.0,卖盘
13:22:20,3.28,0.0,214,70192.0,卖盘
13:22:27,3.29,0.010000000000000231,80,26320.0,买盘
13:22:30,3.28,-0.010000000000000231,20,6560.0,卖盘
13:22:33,3.28,0.0,1,328.0,卖盘
13:22:39,3.29,0.010000000000000231,29,9521.0,买盘
13:23:02,3.29,0.0,2,658.0,买盘
13:23:05,3.29,0.0,5,1645.0,买盘
13:23:08,3.28,-0.010000000000000231,133,43624.0,卖盘
13:23:11,3.29,0.010000000000000231,8,2628.0,买盘
13:23:14,3.28,-0.010000000000000231,22,7216.0,卖盘
13:23:18,3.28,0.0,51,16760.0,卖盘
13:23:33,3.29,0.010000000000000231,91,29939.0,买盘
13:24:02,3.29,0.0,20,6580.0,买盘
13:24:05,3.28,-0.010000000000000231,34,11152.0,卖盘
13:24:15,3.29,0.010000000000000231,7,2303.0,买盘
13:24:21,3.29,0.0,209,68761.0,买盘
13:24:24,3.29,0.0,1,329.0,买盘
13:24:30,3.29,0.0,2,658.0,买盘
13:24:33,3.29,0.0,20,6580.0,买盘
13:24:36,3.29,0.0,50,16450.0,买盘
13:24:43,3.28,-0.010000000000000231,101,33228.0,卖盘
13:24:53,3.28,0.0,16,5248.0,卖盘
13:25:02,3.29,0.010000000000000231,20,6580.0,买盘
13:25:08,3.29,0.0,12,3948.0,买盘
13:25:15,3.28,-0.010000000000000231,12,3936.0,卖盘
13:25:18,3.28,0.0,25,8200.0,卖盘
13:25:21,3.28,0.0,31,10176.0,卖盘
13:25:24,3.28,0.0,119,39035.0,卖盘
13:25:27,3.29,0.010000000000000231,38,12495.0,买盘
13:25:33,3.29,0.0,43,14122.0,买盘
13:25:37,3.29,0.0,4,1313.0,买盘
13:25:40,3.29,0.0,20,6580.0,买盘
13:25:43,3.28,-0.010000000000000231,500,164000.0,卖盘
13:25:47,3.29,0.010000000000000231,33,10857.0,买盘
13:25:53,3.28,-0.010000000000000231,200,65600.0,卖盘
13:25:56,3.28,0.0,3,984.0,卖盘
13:26:06,3.29,0.010000000000000231,20,6580.0,买盘
13:26:09,3.28,-0.010000000000000231,33,10827.0,卖盘
13:26:15,3.28,0.0,8,2624.0,卖盘
13:26:18,3.28,0.0,17,5576.0,卖盘
13:26:21,3.29,0.010000000000000231,12,3942.0,买盘
13:26:24,3.29,0.0,54,17766.0,买盘
13:26:30,3.28,-0.010000000000000231,10,3280.0,卖盘
13:26:34,3.29,0.010000000000000231,1,329.0,买盘
13:26:40,3.29,0.0,6,1974.0,买盘
13:26:43,3.28,-0.010000000000000231,21,6888.0,卖盘
13:26:47,3.29,0.010000000000000231,3,987.0,买盘
13:26:50,3.29,0.0,50,16450.0,买盘
13:26:56,3.29,0.0,10,3290.0,买盘
13:26:59,3.29,0.0,1,329.0,买盘
13:27:03,3.29,0.0,1,329.0,买盘
13:27:06,3.29,0.0,1,329.0,买盘
13:27:09,3.28,-0.010000000000000231,31,10198.0,卖盘
13:27:12,3.29,0.010000000000000231,5,1645.0,买盘
13:27:15,3.28,-0.010000000000000231,92,30176.0,卖盘
13:27:18,3.29,0.010000000000000231,2,658.0,买盘
13:27:21,3.29,0.0,35,11510.0,买盘
13:27:24,3.3,0.009999999999999787,2889,950576.0,买盘
13:27:28,3.3,0.0,146,48180.0,买盘
13:27:38,3.29,-0.009999999999999787,1,329.0,卖盘
13:27:41,3.29,0.0,21,6927.0,卖盘
13:27:44,3.3,0.009999999999999787,5,1650.0,买盘
13:27:47,3.3,0.0,24,7920.0,买盘
13:27:53,3.3,0.0,30,9900.0,买盘
13:27:56,3.3,0.0,108,35640.0,买盘
13:28:00,3.3,0.0,148,48838.0,买盘
13:28:03,3.29,-0.009999999999999787,5,1645.0,卖盘
13:28:06,3.3,0.009999999999999787,22,7260.0,买盘
13:28:12,3.3,0.0,1,330.0,买盘
13:28:15,3.3,0.0,193,63685.0,买盘
13:28:21,3.3,0.0,62,20460.0,买盘
13:28:25,3.3,0.0,1,330.0,买盘
13:28:28,3.3,0.0,10,3300.0,买盘
13:28:31,3.3,0.0,10,3300.0,买盘
13:28:34,3.3,0.0,31,10200.0,买盘
13:28:44,3.3,0.0,3,990.0,买盘
13:28:47,3.3,0.0,5,1650.0,买盘
13:28:53,3.29,-0.009999999999999787,139,45770.0,卖盘
13:28:57,3.3,0.009999999999999787,53,17459.0,买盘
13:29:00,3.3,0.0,60,19800.0,买盘
13:29:06,3.3,0.0,184,60720.0,买盘
13:29:09,3.3,0.0,130,42870.0,买盘
13:29:15,3.3,0.0,2,660.0,买盘
13:29:22,3.29,-0.009999999999999787,1,329.0,卖盘
13:29:25,3.29,0.0,19,6262.0,卖盘
13:29:28,3.3,0.009999999999999787,543,179190.0,买盘
13:29:32,3.29,-0.009999999999999787,200,65800.0,卖盘
13:29:35,3.3,0.009999999999999787,232,76550.0,买盘
13:29:47,3.3,0.0,81,26729.0,买盘
13:29:51,3.3,0.0,54,17820.0,买盘
13:29:54,3.29,-0.009999999999999787,1,329.0,卖盘
13:29:57,3.3,0.009999999999999787,60,19800.0,买盘
13:30:00,3.3,0.0,5,1650.0,买盘
13:30:03,3.3,0.0,165,54450.0,买盘
13:30:06,3.3,0.0,435,143548.0,买盘
13:30:09,3.3,0.0,10,3298.0,买盘
13:30:12,3.3,0.0,1,330.0,买盘
13:30:15,3.3,0.0,58,19129.0,买盘
13:30:19,3.3,0.0,112,36959.0,买盘
13:30:22,3.3,0.0,70,23100.0,买盘
13:30:26,3.3,0.0,1,330.0,买盘
13:30:35,3.3,0.0,28,9240.0,买盘
13:30:38,3.3,0.0,249,82151.0,买盘
13:30:41,3.29,-0.009999999999999787,249,82065.0,卖盘
13:30:45,3.3,0.009999999999999787,22,7260.0,买盘
13:30:48,3.3,0.0,234,77220.0,买盘
13:30:57,3.3,0.0,2,660.0,买盘
13:31:00,3.3,0.0,23,7590.0,买盘
13:31:06,3.29,-0.009999999999999787,157,51653.0,卖盘
13:31:09,3.29,0.0,1,329.0,卖盘
13:31:13,3.3,0.009999999999999787,145,47766.0,买盘
13:31:16,3.3,0.0,3,990.0,买盘
13:31:20,3.3,0.0,5,1650.0,买盘
13:31:23,3.29,-0.009999999999999787,45,14805.0,卖盘
13:31:32,3.29,0.0,2,658.0,卖盘
13:31:35,3.29,0.0,60,19740.0,卖盘
13:31:38,3.29,0.0,7,2305.0,卖盘
13:31:42,3.3,0.009999999999999787,125,41250.0,买盘
13:31:45,3.3,0.0,50,16500.0,买盘
13:31:48,3.29,-0.009999999999999787,10,3290.0,卖盘
13:31:50,3.29,0.0,12,3958.0,卖盘
13:31:54,3.29,0.0,2,658.0,卖盘
13:31:57,3.29,0.0,2,658.0,卖盘
13:32:00,3.3,0.009999999999999787,50,16500.0,买盘
13:32:06,3.29,-0.009999999999999787,31,10199.0,卖盘
13:32:10,3.3,0.009999999999999787,41,13530.0,买盘
13:32:13,3.29,-0.009999999999999787,2,658.0,卖盘
13:32:17,3.29,0.0,102,33558.0,卖盘
13:32:20,3.3,0.009999999999999787,172,56593.0,买盘
13:32:26,3.29,-0.009999999999999787,92,30318.0,卖盘
13:32:32,3.3,0.009999999999999787,124,40920.0,买盘
13:32:42,3.3,0.0,26,8580.0,买盘
13:32:51,3.3,0.0,183,60384.0,买盘
13:32:54,3.3,0.0,524,172920.0,买盘
13:32:57,3.3,0.0,9,2962.0,买盘
13:33:00,3.3,0.0,72,23741.0,买盘
13:33:03,3.29,-0.009999999999999787,137,45073.0,卖盘
13:33:07,3.29,0.0,188,61852.0,卖盘
13:33:11,3.29,0.0,153,50337.0,卖盘
13:33:14,3.3,0.009999999999999787,10,3292.0,买盘
13:33:17,3.29,-0.009999999999999787,104,34216.0,卖盘
13:33:23,3.29,0.0,41,13489.0,卖盘
13:33:26,3.29,0.0,46,15164.0,卖盘
13:33:33,3.3,0.009999999999999787,10,3300.0,买盘
13:33:36,3.29,-0.009999999999999787,28,9212.0,卖盘
13:33:48,3.3,0.009999999999999787,75,24750.0,买盘
13:34:04,3.3,0.0,50,16500.0,买盘
13:34:08,3.3,0.0,50,16500.0,买盘
13:34:14,3.29,-0.009999999999999787,10,3296.0,卖盘
13:34:24,3.29,0.0,71,23359.0,卖盘
13:34:27,3.29,0.0,7,2303.0,卖盘
13:34:30,3.3,0.009999999999999787,10,3296.0,买盘
13:34:33,3.29,-0.009999999999999787,117,38543.0,卖盘
13:34:36,3.29,0.0,205,67445.0,卖盘
13:34:39,3.29,0.0,900,296100.0,卖盘
13:34:42,3.29,0.0,180,59220.0,中性盘
13:34:45,3.29,0.0,2,658.0,买盘
13:34:51,3.29,0.0,14,4606.0,买盘
13:34:55,3.29,0.0,129,42441.0,买盘
13:34:58,3.29,0.0,60,19740.0,买盘
13:35:01,3.29,0.0,16,5264.0,买盘
13:35:08,3.28,-0.010000000000000231,30,9840.0,卖盘
13:35:11,3.29,0.010000000000000231,1,329.0,买盘
13:35:14,3.28,-0.010000000000000231,16,5248.0,卖盘
13:35:17,3.29,0.010000000000000231,31,10199.0,买盘
13:35:24,3.28,-0.010000000000000231,16,5248.0,卖盘
13:35:27,3.28,0.0,180,59060.0,卖盘
13:35:33,3.29,0.010000000000000231,200,65800.0,买盘
13:35:36,3.28,-0.010000000000000231,4,1312.0,卖盘
13:35:39,3.28,0.0,49,16109.0,卖盘
13:35:42,3.28,0.0,16,5249.0,卖盘
13:35:48,3.28,0.0,7,2296.0,卖盘
13:35:51,3.28,0.0,5,1640.0,卖盘
13:35:55,3.28,0.0,120,39389.0,卖盘
13:35:58,3.28,0.0,109,35832.0,卖盘
13:36:01,3.29,0.010000000000000231,468,153848.0,买盘
13:36:05,3.28,-0.010000000000000231,57,18696.0,卖盘
13:36:08,3.29,0.010000000000000231,6,1974.0,买盘
13:36:11,3.29,0.0,2,658.0,买盘
13:36:17,3.29,0.0,54,17763.0,买盘
13:36:24,3.29,0.0,3,987.0,买盘
13:36:30,3.29,0.0,197,64813.0,买盘
13:36:33,3.29,0.0,20,6580.0,买盘
13:36:36,3.29,0.0,7,2303.0,买盘
13:36:42,3.29,0.0,356,117124.0,买盘
13:36:45,3.29,0.0,9,2961.0,买盘
13:36:49,3.29,0.0,34,11156.0,买盘
13:36:52,3.28,-0.010000000000000231,25,8200.0,卖盘
13:36:55,3.28,0.0,100,32800.0,卖盘
13:36:59,3.28,0.0,112,36763.0,卖盘
13:37:02,3.28,0.0,591,193848.0,卖盘
13:37:05,3.28,0.0,54,17749.0,卖盘
13:37:08,3.28,0.0,31,10168.0,卖盘
13:37:11,3.28,0.0,21,6888.0,卖盘
13:37:15,3.29,0.010000000000000231,91,29896.0,买盘
13:37:18,3.28,-0.010000000000000231,1017,333578.0,卖盘
13:37:21,3.29,0.010000000000000231,31,10170.0,买盘
13:37:24,3.28,-0.010000000000000231,15,4920.0,卖盘
13:37:27,3.29,0.010000000000000231,59,19355.0,买盘
13:37:30,3.28,-0.010000000000000231,76,24938.0,卖盘
13:37:33,3.28,0.0,31,10168.0,卖盘
13:37:36,3.29,0.010000000000000231,2,657.0,买盘
13:37:40,3.28,-0.010000000000000231,32,10496.0,卖盘
13:37:43,3.28,0.0,2,656.0,卖盘
13:37:46,3.29,0.010000000000000231,4,1316.0,买盘
13:37:49,3.28,-0.010000000000000231,4999,1639672.0,卖盘
13:37:53,3.28,0.0,61,20008.0,买盘
13:38:02,3.28,0.0,89,29192.0,买盘
13:38:05,3.27,-0.009999999999999787,9,2943.0,卖盘
13:38:08,3.27,0.0,30,9810.0,卖盘
13:38:12,3.27,0.0,2,654.0,卖盘
13:38:15,3.27,0.0,77,25229.0,卖盘
13:38:18,3.27,0.0,21,6867.0,卖盘
13:38:24,3.27,0.0,179,58542.0,卖盘
13:38:27,3.27,0.0,41,13407.0,卖盘
13:38:30,3.27,0.0,54,17658.0,卖盘
13:38:33,3.27,0.0,32,10464.0,卖盘
13:38:40,3.28,0.009999999999999787,165,54095.0,买盘
13:38:43,3.28,0.0,9,2952.0,卖盘
13:38:46,3.28,0.0,100,32800.0,买盘
13:38:50,3.28,0.0,77,25256.0,买盘
13:38:53,3.28,0.0,52,17056.0,卖盘
13:38:56,3.28,0.0,65,21300.0,买盘
13:38:59,3.28,0.0,27,8856.0,买盘
13:39:02,3.27,-0.009999999999999787,1,327.0,卖盘
13:39:05,3.27,0.0,18,5886.0,卖盘
13:39:09,3.27,0.0,4,1308.0,卖盘
13:39:12,3.28,0.009999999999999787,37,12125.0,买盘
13:39:15,3.27,-0.009999999999999787,8,2616.0,卖盘
13:39:18,3.27,0.0,25,8175.0,卖盘
13:39:21,3.27,0.0,29,9490.0,卖盘
13:39:24,3.27,0.0,31,10137.0,卖盘
13:39:28,3.27,0.0,107,35089.0,卖盘
13:39:31,3.27,0.0,13,4251.0,卖盘
13:39:34,3.27,0.0,10,3274.0,卖盘
13:39:41,3.27,0.0,14,4578.0,卖盘
13:39:44,3.28,0.009999999999999787,50,16398.0,买盘
13:39:47,3.27,-0.009999999999999787,144,47088.0,卖盘
13:39:50,3.28,0.009999999999999787,20,6560.0,买盘
13:40:00,3.27,-0.009999999999999787,28,9156.0,卖盘
13:40:06,3.28,0.009999999999999787,150,49168.0,买盘
13:40:09,3.27,-0.009999999999999787,72,23544.0,卖盘
13:40:12,3.27,0.0,9,2947.0,卖盘
13:40:15,3.27,0.0,13,4251.0,卖盘
13:40:18,3.27,0.0,39,12753.0,卖盘
13:40:21,3.27,0.0,11,3597.0,卖盘
13:40:25,3.27,0.0,1229,401883.0,卖盘
13:40:28,3.27,0.0,8,2616.0,卖盘
13:40:31,3.27,0.0,32,10474.0,卖盘
13:40:35,3.27,0.0,56,18312.0,卖盘
13:40:41,3.27,0.0,25,8175.0,卖盘
13:40:44,3.27,0.0,9,2943.0,卖盘
13:40:47,3.27,0.0,1,327.0,卖盘
13:40:53,3.27,0.0,65,21255.0,卖盘
13:40:57,3.28,0.009999999999999787,52,17044.0,买盘
13:41:00,3.27,-0.009999999999999787,1,327.0,卖盘
13:41:03,3.28,0.009999999999999787,15,4920.0,买盘
13:41:06,3.28,0.0,224,73267.0,买盘
13:41:09,3.28,0.0,283,92794.0,买盘
13:41:12,3.28,0.0,185,60680.0,买盘
13:41:18,3.28,0.0,185,60680.0,买盘
13:41:22,3.28,0.0,175,57400.0,买盘
13:41:25,3.28,0.0,306,100368.0,买盘
13:41:28,3.28,0.0,1,328.0,买盘
13:41:32,3.28,0.0,229,75112.0,买盘
13:41:35,3.28,0.0,228,74784.0,买盘
13:41:38,3.28,0.0,29,9512.0,买盘
13:41:41,3.28,0.0,40,13120.0,买盘
13:41:44,3.27,-0.009999999999999787,2,654.0,卖盘
13:41:47,3.27,0.0,6,1962.0,卖盘
13:41:51,3.27,0.0,62,20284.0,卖盘
13:41:54,3.27,0.0,49,16023.0,卖盘
13:41:57,3.28,0.009999999999999787,1,328.0,买盘
13:42:00,3.28,0.0,16,5247.0,买盘
13:42:06,3.28,0.0,94,30832.0,买盘
13:42:09,3.28,0.0,46,15088.0,买盘
13:42:13,3.27,-0.009999999999999787,71,23287.0,卖盘
13:42:16,3.28,0.009999999999999787,289,94791.0,买盘
13:42:19,3.28,0.0,42,13764.0,买盘
13:42:41,3.28,0.0,142,46576.0,买盘
13:42:45,3.28,0.0,10,3280.0,买盘
13:42:54,3.28,0.0,31,10168.0,买盘
13:42:57,3.28,0.0,2132,699296.0,买盘
13:43:00,3.28,0.0,172,56416.0,卖盘
13:43:03,3.28,0.0,68,22304.0,卖盘
13:43:06,3.28,0.0,1,328.0,卖盘
13:43:10,3.28,0.0,41,13448.0,卖盘
13:43:13,3.28,0.0,147,48216.0,卖盘
13:43:17,3.28,0.0,128,41984.0,卖盘
13:43:20,3.28,0.0,159,52125.0,卖盘
13:43:23,3.28,0.0,242,79370.0,卖盘
13:43:26,3.28,0.0,47,15416.0,买盘
13:43:29,3.28,0.0,13,4264.0,买盘
13:43:32,3.27,-0.009999999999999787,44,14388.0,卖盘
13:43:36,3.27,0.0,31,10139.0,卖盘
13:43:39,3.27,0.0,2,654.0,卖盘
13:43:42,3.27,0.0,42,13734.0,卖盘
13:43:45,3.27,0.0,9,2943.0,卖盘
13:43:48,3.28,0.009999999999999787,48,15703.0,买盘
13:43:51,3.28,0.0,16,5248.0,买盘
13:43:57,3.28,0.0,45,14760.0,买盘
13:44:01,3.27,-0.009999999999999787,14,4578.0,卖盘
13:44:04,3.28,0.009999999999999787,80,26205.0,买盘
13:44:07,3.27,-0.009999999999999787,38,12426.0,卖盘
13:44:11,3.27,0.0,1,327.0,卖盘
13:44:14,3.27,0.0,58,18994.0,卖盘
13:44:17,3.27,0.0,94,30738.0,卖盘
13:44:20,3.27,0.0,93,30477.0,卖盘
13:44:23,3.27,0.0,28,9156.0,卖盘
13:44:27,3.27,0.0,40,13080.0,卖盘
13:44:30,3.27,0.0,7,2289.0,卖盘
13:44:33,3.27,0.0,103,33681.0,卖盘
13:44:36,3.27,0.0,29,9483.0,卖盘
13:44:39,3.27,0.0,10,3271.0,卖盘
13:44:42,3.27,0.0,180,58860.0,卖盘
13:44:45,3.27,0.0,9,2943.0,卖盘
13:44:48,3.27,0.0,13,4251.0,卖盘
13:44:51,3.27,0.0,60,19670.0,卖盘
13:44:55,3.28,0.009999999999999787,44,14409.0,买盘
13:44:58,3.27,-0.009999999999999787,33,10821.0,卖盘
13:45:01,3.28,0.009999999999999787,10,3280.0,买盘
13:45:04,3.27,-0.009999999999999787,31,10137.0,卖盘
13:45:08,3.27,0.0,71,23217.0,卖盘
13:45:11,3.27,0.0,52,17014.0,卖盘
13:45:14,3.27,0.0,38,12440.0,卖盘
13:45:17,3.27,0.0,49,16026.0,卖盘
13:45:20,3.27,0.0,97,31719.0,卖盘
13:45:24,3.27,0.0,66,21627.0,卖盘
13:45:27,3.27,0.0,19,6213.0,卖盘
13:45:30,3.27,0.0,21,6867.0,卖盘
13:45:33,3.27,0.0,38,12426.0,卖盘
13:45:36,3.27,0.0,349,114433.0,卖盘
13:45:39,3.27,0.0,13,4251.0,卖盘
13:45:42,3.27,0.0,7,2289.0,卖盘
13:45:48,3.27,0.0,32,10464.0,卖盘
13:45:52,3.27,0.0,51,16677.0,卖盘
13:45:55,3.27,0.0,80,26162.0,卖盘
13:45:58,3.27,0.0,20,6540.0,卖盘
13:46:05,3.27,0.0,98,32050.0,卖盘
13:46:08,3.27,0.0,52,17019.0,卖盘
13:46:11,3.27,0.0,30,9810.0,卖盘
13:46:14,3.27,0.0,29,9483.0,卖盘
13:46:17,3.28,0.009999999999999787,55,18012.0,买盘
13:46:27,3.28,0.0,83,27224.0,买盘
13:46:30,3.28,0.0,2,656.0,买盘
13:46:33,3.28,0.0,1,328.0,买盘
13:46:36,3.28,0.0,2,655.0,买盘
13:46:39,3.28,0.0,44,14432.0,买盘
13:46:42,3.27,-0.009999999999999787,49,16023.0,卖盘
13:46:45,3.27,0.0,11,3602.0,卖盘
13:46:49,3.27,0.0,15,4906.0,卖盘
13:46:52,3.27,0.0,22,7198.0,卖盘
13:46:55,3.27,0.0,12,3924.0,卖盘
13:46:59,3.28,0.009999999999999787,3,984.0,买盘
13:47:02,3.27,-0.009999999999999787,126,41213.0,卖盘
13:47:05,3.27,0.0,66,21588.0,卖盘
13:47:08,3.27,0.0,44,14388.0,卖盘
13:47:11,3.27,0.0,31,10137.0,卖盘
13:47:14,3.27,0.0,18,5886.0,卖盘
13:47:18,3.27,0.0,147,48069.0,卖盘
13:47:21,3.27,0.0,35,11445.0,卖盘
13:47:24,3.28,0.009999999999999787,70,22894.0,买盘
13:47:27,3.28,0.0,547,178889.0,买盘
13:47:43,3.28,0.0,8,2624.0,买盘
13:47:46,3.27,-0.009999999999999787,12,3924.0,卖盘
13:47:49,3.28,0.009999999999999787,50,16400.0,买盘
13:47:56,3.28,0.0,12,3936.0,买盘
13:47:59,3.28,0.0,44,14429.0,买盘
13:48:02,3.28,0.0,3,983.0,买盘
13:48:05,3.28,0.0,65,21320.0,买盘
13:48:08,3.28,0.0,43,14098.0,买盘
13:48:12,3.28,0.0,18,5900.0,买盘
13:48:15,3.28,0.0,300,98400.0,买盘
13:48:18,3.28,0.0,4,1312.0,买盘
13:48:27,3.27,-0.009999999999999787,28,9156.0,卖盘
13:48:30,3.27,0.0,17,5559.0,卖盘
13:48:33,3.27,0.0,87,28489.0,卖盘
13:48:37,3.27,0.0,48,15697.0,卖盘
13:48:40,3.27,0.0,37,12099.0,卖盘
13:48:43,3.27,0.0,133,43491.0,卖盘
13:48:46,3.27,0.0,7,2289.0,卖盘
13:48:50,3.27,0.0,1212,396324.0,卖盘
13:48:53,3.28,0.009999999999999787,143,46866.0,买盘
13:48:56,3.27,-0.009999999999999787,467,153004.0,卖盘
13:49:02,3.27,0.0,81,26487.0,卖盘
13:49:05,3.27,0.0,160,52320.0,卖盘
13:49:09,3.27,0.0,7,2289.0,卖盘
13:49:12,3.27,0.0,24,7848.0,卖盘
13:49:15,3.27,0.0,6,1962.0,卖盘
13:49:18,3.27,0.0,127,41529.0,卖盘
13:49:21,3.27,0.0,63,20601.0,卖盘
13:49:24,3.27,0.0,14,4578.0,卖盘
13:49:27,3.27,0.0,39,12753.0,卖盘
13:49:30,3.27,0.0,12,3924.0,卖盘
13:49:34,3.27,0.0,2263,740001.0,卖盘
13:49:37,3.27,0.0,3,981.0,买盘
13:49:40,3.27,0.0,387,126549.0,买盘
13:49:44,3.27,0.0,14,4578.0,买盘
13:49:47,3.27,0.0,24,7848.0,买盘
