成交时间,成交价,价格变动,成交量（手）,成交额（元）,性质
09:25:06,3.2,0.020000000000000018,7812,2499840,买盘
09:30:00,3.21,0.009999999999999787,4447,1423105,买盘
09:30:03,3.2,-0.009999999999999787,4473,1436462,卖盘
09:30:09,3.2,0.0,2175,695993,卖盘
09:30:12,3.19,-0.010000000000000231,241,77086,卖盘
09:30:16,3.2,0.010000000000000231,312,99662,买盘
09:30:20,3.2,0.0,450,144405,卖盘
09:30:23,3.22,0.020000000000000018,35,11257,买盘
09:30:26,3.22,0.0,242,77734,买盘
09:30:29,3.22,0.0,166,53442,买盘
09:30:32,3.23,0.009999999999999787,373,120128,买盘
09:30:35,3.22,-0.009999999999999787,273,87938,买盘
09:30:39,3.22,0.0,1316,425028,卖盘
09:30:42,3.23,0.009999999999999787,1471,474280,中性盘
09:30:45,3.24,0.010000000000000231,1011,325006,买盘
09:30:48,3.23,-0.010000000000000231,704,227965,中性盘
09:30:51,3.23,0.0,271,87524,卖盘
09:30:54,3.22,-0.009999999999999787,1886,609406,中性盘
09:30:57,3.23,0.009999999999999787,567,182610,买盘
09:31:00,3.23,0.0,399,128851,买盘
09:31:03,3.22,-0.009999999999999787,182,58606,卖盘
09:31:06,3.22,0.0,291,93869,买盘
09:31:09,3.22,0.0,813,261786,卖盘
09:31:13,3.22,0.0,1059,341001,买盘
09:31:16,3.23,0.009999999999999787,3856,1242859,买盘
09:31:19,3.23,0.0,1440,464205,买盘
09:31:23,3.23,0.0,207,66829,买盘
09:31:26,3.23,0.0,933,300818,中性盘
09:31:29,3.24,0.010000000000000231,884,285285,买盘
09:31:32,3.23,-0.010000000000000231,647,208695,买盘
09:31:36,3.23,0.0,438,141748,买盘
09:31:39,3.24,0.010000000000000231,273,88302,买盘
09:31:42,3.24,0.0,6,1944,买盘
09:31:45,3.23,-0.010000000000000231,1863,603323,卖盘
09:31:48,3.24,0.010000000000000231,1619,524852,买盘
09:31:51,3.24,0.0,861,279299,买盘
09:31:54,3.26,0.019999999999999574,4532,1472881,买盘
09:31:57,3.25,-0.009999999999999787,167,54324,卖盘
09:32:00,3.26,0.009999999999999787,274,89293,买盘
09:32:03,3.26,0.0,3989,1301633,买盘
09:32:06,3.27,0.010000000000000231,804,262723,买盘
09:32:10,3.27,0.0,913,298786,买盘
09:32:13,3.29,0.020000000000000018,1789,586892,买盘
09:32:17,3.29,0.0,120,39432,买盘
09:32:20,3.28,-0.010000000000000231,675,221950,卖盘
09:32:23,3.29,0.010000000000000231,1160,381434,买盘
09:32:26,3.29,0.0,209,68767,买盘
09:32:29,3.29,0.0,260,85654,卖盘
09:32:33,3.29,0.0,543,179084,卖盘
09:32:36,3.29,0.0,651,214371,卖盘
09:32:39,3.29,0.0,1706,561969,卖盘
09:32:42,3.29,0.0,947,312277,卖盘
09:32:45,3.28,-0.010000000000000231,482,158266,卖盘
09:32:48,3.29,0.010000000000000231,274,89962,买盘
09:32:51,3.28,-0.010000000000000231,1605,527316,卖盘
09:32:54,3.28,0.0,208,68224,买盘
09:32:57,3.28,0.0,989,324373,买盘
09:33:00,3.28,0.0,219,71728,买盘
09:33:03,3.27,-0.009999999999999787,579,189371,卖盘
09:33:06,3.27,0.0,212,69405,卖盘
09:33:10,3.26,-0.010000000000000231,506,165479,卖盘
09:33:13,3.27,0.010000000000000231,253,82730,买盘
09:33:17,3.26,-0.010000000000000231,886,288593,卖盘
09:33:20,3.26,0.0,293,95510,买盘
09:33:23,3.25,-0.009999999999999787,505,164570,卖盘
09:33:26,3.26,0.009999999999999787,131,42607,买盘
09:33:29,3.25,-0.009999999999999787,235,76382,卖盘
09:33:33,3.26,0.009999999999999787,407,132606,买盘
09:33:35,3.25,-0.009999999999999787,172,56034,卖盘
09:33:39,3.26,0.009999999999999787,713,231859,买盘
09:33:42,3.26,0.0,37,12059,买盘
09:33:45,3.26,0.0,499,162429,买盘
09:33:48,3.25,-0.009999999999999787,673,218913,卖盘
09:33:51,3.25,0.0,417,135857,卖盘
09:33:54,3.26,0.009999999999999787,562,183131,买盘
09:33:57,3.25,-0.009999999999999787,354,115268,卖盘
09:34:00,3.26,0.009999999999999787,386,125831,买盘
09:34:04,3.26,0.0,362,118208,卖盘
09:34:07,3.27,0.010000000000000231,463,151273,买盘
09:34:10,3.26,-0.010000000000000231,294,96115,卖盘
09:34:14,3.26,0.0,440,143801,卖盘
09:34:17,3.27,0.010000000000000231,642,209924,买盘
09:34:20,3.27,0.0,358,117071,卖盘
09:34:23,3.27,0.0,344,112684,卖盘
09:34:26,3.28,0.009999999999999787,594,194607,买盘
09:34:30,3.28,0.0,94,30788,买盘
09:34:33,3.28,0.0,408,133761,买盘
09:34:36,3.27,-0.009999999999999787,728,238396,卖盘
09:34:39,3.28,0.009999999999999787,472,154608,买盘
09:34:42,3.27,-0.009999999999999787,1160,379343,卖盘
09:34:45,3.27,0.0,8,2616,买盘
09:34:48,3.27,0.0,1771,579900,买盘
09:34:51,3.27,0.0,527,172481,卖盘
09:34:54,3.27,0.0,547,178921,卖盘
09:34:57,3.27,0.0,660,216035,卖盘
09:35:01,3.27,0.0,485,158787,卖盘
09:35:04,3.28,0.009999999999999787,249,81467,买盘
09:35:08,3.28,0.0,356,116710,买盘
09:35:14,3.27,-0.009999999999999787,219,71775,卖盘
09:35:17,3.28,0.009999999999999787,121,39684,买盘
09:35:20,3.28,0.0,61,20004,买盘
09:35:24,3.27,-0.009999999999999787,95,31065,卖盘
09:35:27,3.28,0.009999999999999787,1452,476188,买盘
09:35:30,3.28,0.0,250,81957,买盘
09:35:33,3.28,0.0,97,31796,买盘
09:35:36,3.28,0.0,1032,338357,买盘
09:35:39,3.28,0.0,431,141431,卖盘
09:35:42,3.28,0.0,653,214556,卖盘
09:35:45,3.27,-0.009999999999999787,888,291313,卖盘
09:35:48,3.28,0.009999999999999787,365,119720,买盘
09:35:51,3.27,-0.009999999999999787,194,63614,卖盘
09:35:54,3.28,0.009999999999999787,230,75421,买盘
09:35:58,3.28,0.0,21,6888,买盘
09:36:01,3.28,0.0,190,62267,买盘
09:36:05,3.27,-0.009999999999999787,277,90682,卖盘
09:36:08,3.27,0.0,1295,423602,卖盘
09:36:11,3.28,0.009999999999999787,146,47796,买盘
09:36:14,3.27,-0.009999999999999787,6,1962,中性盘
09:36:17,3.27,0.0,325,106265,买盘
09:36:21,3.27,0.0,113,36951,买盘
09:36:24,3.26,-0.010000000000000231,139,45366,卖盘
09:36:27,3.26,0.0,305,99435,卖盘
09:36:30,3.26,0.0,849,277335,卖盘
09:36:33,3.26,0.0,96,31380,卖盘
09:36:36,3.27,0.010000000000000231,298,97213,卖盘
09:36:39,3.27,0.0,85,27795,买盘
09:36:42,3.27,0.0,204,66675,买盘
09:36:45,3.27,0.0,707,231089,买盘
09:37:18,3.26,-0.010000000000000231,11,3586,卖盘
09:37:21,3.27,0.010000000000000231,19,6212,买盘
09:37:24,3.26,-0.010000000000000231,533,173781,卖盘
09:37:27,3.26,0.0,158,51519,卖盘
09:37:30,3.25,-0.009999999999999787,4744,1542610,卖盘
09:37:33,3.26,0.009999999999999787,192,62560,中性盘
09:37:36,3.26,0.0,1485,483652,卖盘
09:37:39,3.26,0.0,345,112471,卖盘
09:37:42,3.26,0.0,368,119969,买盘
09:37:45,3.27,0.010000000000000231,254,82876,买盘
09:37:49,3.25,-0.020000000000000018,30,9761,卖盘
09:37:51,3.26,0.009999999999999787,51,16617,买盘
09:37:55,3.26,0.0,104,33904,买盘
09:37:59,3.26,0.0,122,39732,买盘
09:38:02,3.26,0.0,98,31858,买盘
09:38:05,3.26,0.0,33,10758,买盘
09:38:08,3.26,0.0,1671,545000,买盘
09:38:11,3.27,0.010000000000000231,273,89244,买盘
09:38:15,3.27,0.0,287,93776,买盘
09:38:18,3.26,-0.010000000000000231,12,3923,卖盘
09:38:21,3.26,0.0,177,57821,卖盘
09:38:24,3.26,0.0,32,10463,卖盘
09:38:27,3.27,0.010000000000000231,73,23801,买盘
09:38:30,3.26,-0.010000000000000231,239,77953,卖盘
09:38:33,3.27,0.010000000000000231,215,70100,买盘
09:38:36,3.26,-0.010000000000000231,120,39134,卖盘
09:38:39,3.27,0.010000000000000231,133,43491,买盘
09:38:46,3.26,-0.010000000000000231,804,262656,卖盘
09:38:49,3.27,0.010000000000000231,3,981,买盘
09:38:52,3.27,0.0,203,66340,买盘
09:38:56,3.27,0.0,12,3924,买盘
09:38:59,3.27,0.0,10,3264,买盘
09:39:02,3.27,0.0,222,72436,买盘
09:39:05,3.26,-0.010000000000000231,14,4564,卖盘
09:39:08,3.27,0.010000000000000231,247,80760,买盘
09:39:12,3.26,-0.010000000000000231,178,58038,卖盘
09:39:15,3.27,0.010000000000000231,81,26441,买盘
09:39:18,3.27,0.0,278,90867,买盘
09:39:21,3.27,0.0,27,8808,买盘
09:39:24,3.26,-0.010000000000000231,59,19237,卖盘
09:39:27,3.26,0.0,934,304920,卖盘
09:39:30,3.27,0.010000000000000231,84,27448,买盘
09:39:33,3.26,-0.010000000000000231,2170,706589,卖盘
09:39:36,3.26,0.0,360,117416,买盘
09:39:39,3.27,0.010000000000000231,1,327,买盘
09:39:43,3.27,0.0,33,10786,买盘
09:39:46,3.26,-0.010000000000000231,1657,540182,卖盘
09:39:50,3.26,0.0,72,23472,买盘
09:39:53,3.26,0.0,3,978,买盘
09:39:56,3.26,0.0,60,19540,买盘
09:39:59,3.25,-0.009999999999999787,991,322062,卖盘
09:40:02,3.26,0.009999999999999787,136,44260,买盘
09:40:05,3.26,0.0,36,11701,买盘
09:40:08,3.25,-0.009999999999999787,200,65000,卖盘
09:40:12,3.26,0.009999999999999787,78,25425,买盘
09:40:15,3.26,0.0,383,124675,买盘
09:40:18,3.25,-0.009999999999999787,136,44200,卖盘
09:40:21,3.26,0.009999999999999787,119,38778,买盘
09:40:24,3.26,0.0,440,143006,买盘
09:40:27,3.25,-0.009999999999999787,24,7801,卖盘
09:40:30,3.25,0.0,111,36076,卖盘
09:40:33,3.25,0.0,16,5210,卖盘
09:40:36,3.25,0.0,179,58176,卖盘
09:40:40,3.26,0.009999999999999787,258,83885,买盘
09:40:43,3.26,0.0,2736,891898,买盘
09:40:46,3.26,0.0,2022,658581,卖盘
09:40:50,3.27,0.010000000000000231,93,30319,买盘
09:40:53,3.25,-0.020000000000000018,646,210255,卖盘
09:40:56,3.26,0.009999999999999787,72,23451,买盘
09:40:59,3.26,0.0,78,25352,买盘
09:41:02,3.26,0.0,3,978,买盘
09:41:06,3.26,0.0,4,1304,买盘
09:41:09,3.26,0.0,100,32600,买盘
09:41:12,3.26,0.0,305,99430,买盘
09:41:15,3.25,-0.009999999999999787,10,3250,卖盘
09:41:21,3.25,0.0,455,147980,卖盘
09:41:24,3.26,0.009999999999999787,52,16907,买盘
09:41:27,3.25,-0.009999999999999787,4,1300,卖盘
09:41:30,3.25,0.0,262,85150,卖盘
09:41:34,3.25,0.0,404,131300,卖盘
09:41:37,3.26,0.009999999999999787,40,13009,买盘
09:41:40,3.25,-0.009999999999999787,8,2601,卖盘
09:41:44,3.26,0.009999999999999787,311,101386,买盘
09:41:50,3.25,-0.009999999999999787,10,3250,卖盘
09:41:53,3.26,0.009999999999999787,15,4885,买盘
09:41:56,3.25,-0.009999999999999787,61,19827,卖盘
09:41:59,3.25,0.0,1,325,卖盘
09:42:03,3.25,0.0,24,7801,卖盘
09:42:06,3.26,0.009999999999999787,119,38685,买盘
09:42:09,3.25,-0.009999999999999787,22,7150,卖盘
09:42:12,3.25,0.0,22,7150,卖盘
09:42:15,3.25,0.0,983,319473,卖盘
09:42:18,3.25,0.0,78,25341,买盘
09:42:21,3.25,0.0,38,12350,买盘
09:42:24,3.25,0.0,106,34450,买盘
09:42:27,3.25,0.0,455,147888,买盘
09:42:30,3.25,0.0,100,32510,卖盘
09:42:33,3.25,0.0,46,14950,卖盘
09:42:37,3.25,0.0,90,29250,买盘
09:42:40,3.25,0.0,12,3900,买盘
09:42:44,3.25,0.0,138,44792,买盘
09:42:50,3.24,-0.009999999999999787,68,22032,卖盘
09:42:53,3.25,0.009999999999999787,119,38637,买盘
09:42:56,3.24,-0.009999999999999787,57,18475,卖盘
09:42:59,3.24,0.0,280,90720,卖盘
09:43:03,3.24,0.0,23,7469,卖盘
09:43:06,3.24,0.0,82,26574,卖盘
09:43:09,3.24,0.0,513,166213,卖盘
09:43:12,3.24,0.0,175,56700,卖盘
09:43:15,3.24,0.0,820,265700,卖盘
09:43:18,3.23,-0.010000000000000231,775,251094,卖盘
09:43:21,3.24,0.010000000000000231,279,90396,买盘
09:43:24,3.24,0.0,75,24266,买盘
09:43:27,3.23,-0.010000000000000231,68,21970,卖盘
09:43:30,3.24,0.010000000000000231,242,78278,买盘
09:43:34,3.23,-0.010000000000000231,164,53074,卖盘
09:43:37,3.24,0.010000000000000231,22,7128,买盘
09:43:41,3.23,-0.010000000000000231,10,3237,卖盘
09:43:44,3.23,0.0,267,86261,卖盘
09:43:47,3.24,0.010000000000000231,6,1942,买盘
09:43:50,3.23,-0.010000000000000231,312,100983,卖盘
09:43:53,3.24,0.010000000000000231,48,15516,买盘
09:43:56,3.23,-0.010000000000000231,61,19703,卖盘
09:44:00,3.23,0.0,80,25840,卖盘
09:44:03,3.23,0.0,23,7429,卖盘
09:44:06,3.24,0.010000000000000231,653,211572,买盘
09:44:09,3.23,-0.010000000000000231,3,970,卖盘
09:44:12,3.23,0.0,150,48450,卖盘
09:44:15,3.23,0.0,98,31694,卖盘
09:44:18,3.24,0.010000000000000231,2921,946489,买盘
09:44:21,3.24,0.0,163,52858,卖盘
09:44:24,3.25,0.009999999999999787,2836,921589,买盘
09:44:28,3.24,-0.009999999999999787,22,7140,卖盘
09:44:31,3.25,0.009999999999999787,13,4225,买盘
09:44:34,3.25,0.0,115,37267,中性盘
09:44:38,3.24,-0.009999999999999787,43,13944,卖盘
09:44:41,3.25,0.009999999999999787,44,14335,卖盘
09:44:44,3.26,0.009999999999999787,106,34515,买盘
09:44:47,3.25,-0.009999999999999787,5,1625,卖盘
09:44:53,3.25,0.0,19,6175,卖盘
09:44:57,3.26,0.009999999999999787,34,11084,买盘
09:45:00,3.25,-0.009999999999999787,65,21136,卖盘
09:45:03,3.26,0.009999999999999787,29,9454,买盘
09:45:06,3.26,0.0,175,57050,买盘
09:45:09,3.26,0.0,63,20538,买盘
09:45:12,3.26,0.0,1867,608602,买盘
09:45:18,3.27,0.010000000000000231,14,4568,买盘
09:45:21,3.27,0.0,5,1632,买盘
09:45:24,3.27,0.0,498,162624,买盘
09:45:28,3.27,0.0,86,28122,买盘
09:45:32,3.27,0.0,122,39794,买盘
09:45:38,3.26,-0.010000000000000231,12,3914,卖盘
09:45:41,3.27,0.010000000000000231,76,24851,买盘
09:45:44,3.27,0.0,144,47080,买盘
09:45:47,3.27,0.0,135,44145,买盘
09:45:51,3.27,0.0,126,41202,买盘
09:45:54,3.27,0.0,13,4251,买盘
09:45:57,3.26,-0.010000000000000231,83,27126,卖盘
09:46:00,3.27,0.010000000000000231,28,9156,买盘
09:46:03,3.27,0.0,18,5886,买盘
09:46:06,3.27,0.0,80,26160,买盘
09:46:09,3.27,0.0,437,142508,买盘
09:46:12,3.26,-0.010000000000000231,186,60799,卖盘
09:46:15,3.27,0.010000000000000231,172,56076,买盘
09:46:18,3.26,-0.010000000000000231,8,2608,卖盘
09:46:22,3.26,0.0,3,978,卖盘
09:46:25,3.26,0.0,7,2287,卖盘
09:46:28,3.26,0.0,207,67482,卖盘
09:46:32,3.26,0.0,27,8802,卖盘
09:46:35,3.27,0.010000000000000231,354,115414,买盘
09:46:38,3.26,-0.010000000000000231,47,15322,卖盘
09:46:41,3.26,0.0,177,57802,卖盘
09:46:44,3.27,0.010000000000000231,243,79297,买盘
09:46:48,3.26,-0.010000000000000231,18,5868,卖盘
09:46:51,3.26,0.0,285,92911,卖盘
09:46:54,3.26,0.0,124,40427,卖盘
09:46:57,3.26,0.0,391,127689,卖盘
09:47:00,3.26,0.0,267,87213,卖盘
09:47:03,3.26,0.0,541,176758,买盘
09:47:06,3.26,0.0,383,125172,卖盘
09:47:09,3.27,0.010000000000000231,1309,428032,买盘
09:47:12,3.26,-0.010000000000000231,712,232771,卖盘
09:47:15,3.27,0.010000000000000231,345,112513,买盘
09:47:19,3.26,-0.010000000000000231,4,1305,卖盘
09:47:22,3.27,0.010000000000000231,1,327,买盘
09:47:26,3.27,0.0,36,11742,买盘
09:47:29,3.27,0.0,73,23801,买盘
09:47:32,3.26,-0.010000000000000231,20,6520,卖盘
09:47:35,3.26,0.0,238,77806,卖盘
09:47:38,3.26,0.0,84,27461,卖盘
09:47:45,3.26,0.0,26,8481,卖盘
09:47:48,3.26,0.0,403,131378,卖盘
09:47:51,3.26,0.0,35,11410,卖盘
09:47:57,3.26,0.0,48,15648,卖盘
09:48:00,3.26,0.0,217,70742,卖盘
09:48:06,3.26,0.0,51,16626,卖盘
09:48:09,3.27,0.010000000000000231,99,32304,买盘
09:48:12,3.26,-0.010000000000000231,25,8150,卖盘
09:48:15,3.27,0.010000000000000231,2632,860614,买盘
09:48:19,3.27,0.0,350,114430,买盘
09:48:23,3.27,0.0,72,23537,买盘
09:48:26,3.27,0.0,5,1635,买盘
09:48:29,3.26,-0.010000000000000231,45,14704,卖盘
09:48:32,3.27,0.010000000000000231,21,6867,买盘
09:48:35,3.26,-0.010000000000000231,61,19911,卖盘
09:48:38,3.27,0.010000000000000231,52,17000,买盘
09:48:41,3.26,-0.010000000000000231,6,1956,卖盘
09:48:45,3.26,0.0,1,326,卖盘
09:48:48,3.27,0.010000000000000231,35,11444,买盘
09:48:51,3.27,0.0,678,221706,买盘
09:48:54,3.27,0.0,60,19620,买盘
09:48:57,3.26,-0.010000000000000231,302,98603,卖盘
09:49:00,3.27,0.010000000000000231,33,10791,买盘
09:49:03,3.27,0.0,33,10771,买盘
09:49:06,3.26,-0.010000000000000231,22,7172,卖盘
09:49:13,3.26,0.0,78,25496,卖盘
09:49:16,3.27,0.010000000000000231,446,145829,买盘
09:49:20,3.27,0.0,170,55589,买盘
09:49:23,3.26,-0.010000000000000231,1,326,卖盘
09:49:26,3.26,0.0,70,22840,卖盘
09:49:29,3.26,0.0,394,128446,卖盘
09:49:32,3.26,0.0,14,4565,卖盘
09:49:35,3.27,0.010000000000000231,28,9156,买盘
09:49:39,3.26,-0.010000000000000231,54,17653,卖盘
09:49:42,3.26,0.0,2,652,卖盘
09:49:45,3.26,0.0,10,3260,卖盘
09:49:48,3.26,0.0,156,50856,卖盘
09:49:51,3.26,0.0,2,652,卖盘
09:49:54,3.26,0.0,6,1956,卖盘
09:49:57,3.26,0.0,25,8169,卖盘
09:50:00,3.26,0.0,15,4890,卖盘
09:50:03,3.26,0.0,615,200490,卖盘
09:50:06,3.26,0.0,151,49262,卖盘
09:50:09,3.26,0.0,49,15984,卖盘
09:50:13,3.26,0.0,162,52812,卖盘
09:50:17,3.26,0.0,124,40424,卖盘
09:50:20,3.26,0.0,49,15974,卖盘
09:50:23,3.26,0.0,237,77262,卖盘
09:50:26,3.26,0.0,86,28042,卖盘
09:50:29,3.26,0.0,103,33678,卖盘
09:50:32,3.26,0.0,202,66052,卖盘
09:50:36,3.27,0.010000000000000231,21,6854,买盘
09:50:39,3.26,-0.010000000000000231,11,3587,卖盘
09:50:42,3.26,0.0,93,30319,卖盘
09:50:45,3.26,0.0,335,109204,卖盘
09:50:48,3.25,-0.009999999999999787,40,13026,卖盘
09:50:51,3.25,0.0,25,8139,卖盘
09:50:54,3.26,0.009999999999999787,19,6194,买盘
09:50:57,3.26,0.0,100,32600,买盘
09:51:00,3.26,0.0,40,13040,买盘
09:51:03,3.26,0.0,15,4877,买盘
09:51:10,3.26,0.0,24,7813,买盘
09:51:14,3.26,0.0,38,12367,买盘
09:51:17,3.25,-0.009999999999999787,72,23450,卖盘
09:51:20,3.25,0.0,57,18528,卖盘
09:51:23,3.26,0.009999999999999787,1,326,买盘
09:51:26,3.26,0.0,36,11731,买盘
09:51:29,3.26,0.0,1,326,买盘
09:51:33,3.25,-0.009999999999999787,100,32515,卖盘
09:51:36,3.26,0.009999999999999787,16,5201,买盘
09:51:39,3.25,-0.009999999999999787,841,273327,卖盘
09:51:42,3.25,0.0,64,20801,卖盘
09:51:45,3.25,0.0,331,107575,卖盘
09:51:48,3.25,0.0,155,50385,卖盘
09:51:51,3.25,0.0,15,4875,卖盘
09:51:54,3.25,0.0,10,3250,卖盘
09:51:57,3.26,0.009999999999999787,176,57210,买盘
09:52:00,3.25,-0.009999999999999787,31,10078,卖盘
09:52:04,3.25,0.0,379,123175,卖盘
09:52:08,3.25,0.0,134,43550,卖盘
09:52:11,3.24,-0.009999999999999787,11,3565,卖盘
09:52:14,3.25,0.009999999999999787,68,22100,买盘
09:52:20,3.24,-0.009999999999999787,13,4212,卖盘
09:52:27,3.25,0.009999999999999787,3,975,买盘
09:52:30,3.24,-0.009999999999999787,1,324,卖盘
09:52:33,3.24,0.0,16,5184,卖盘
09:52:36,3.24,0.0,13,4212,卖盘
09:52:39,3.24,0.0,612,198289,卖盘
09:52:42,3.24,0.0,50,16200,卖盘
09:52:45,3.25,0.009999999999999787,7,2269,买盘
09:52:48,3.24,-0.009999999999999787,315,102062,卖盘
09:52:51,3.24,0.0,13,4212,卖盘
09:52:54,3.24,0.0,19,6159,卖盘
09:52:57,3.24,0.0,26,8424,卖盘
09:53:01,3.24,0.0,195,63180,卖盘
09:53:04,3.24,0.0,81,26283,卖盘
09:53:08,3.24,0.0,84,27217,卖盘
09:53:11,3.24,0.0,1195,387180,卖盘
09:53:14,3.24,0.0,50,16200,卖盘
09:53:17,3.24,0.0,5,1620,卖盘
09:53:20,3.24,0.0,22,7129,卖盘
09:53:24,3.24,0.0,262,84875,卖盘
09:53:27,3.24,0.0,146,47304,买盘
09:53:30,3.23,-0.010000000000000231,279,90126,卖盘
09:53:33,3.24,0.010000000000000231,40,12960,买盘
09:53:36,3.24,0.0,502,162148,买盘
09:53:39,3.24,0.0,24,7763,买盘
09:53:42,3.23,-0.010000000000000231,166,53665,卖盘
09:53:45,3.24,0.010000000000000231,277,89742,买盘
09:53:51,3.24,0.0,24,7761,买盘
09:53:54,3.24,0.0,364,117849,买盘
09:53:58,3.23,-0.010000000000000231,104,33686,卖盘
09:54:01,3.24,0.010000000000000231,231,74832,买盘
09:54:04,3.24,0.0,142,46008,买盘
09:54:08,3.24,0.0,162,52475,买盘
09:54:11,3.23,-0.010000000000000231,224,72536,卖盘
09:54:14,3.24,0.010000000000000231,32,10368,买盘
09:54:17,3.24,0.0,96,31098,买盘
09:54:21,3.24,0.0,945,306175,买盘
09:54:24,3.23,-0.010000000000000231,2,646,卖盘
09:54:27,3.24,0.010000000000000231,79,25596,买盘
09:54:30,3.24,0.0,93,30132,买盘
09:54:33,3.23,-0.010000000000000231,26,8402,卖盘
09:54:36,3.24,0.010000000000000231,99,32076,买盘
09:54:39,3.24,0.0,64,20735,买盘
09:54:42,3.23,-0.010000000000000231,2759,891547,卖盘
09:54:45,3.23,0.0,63,20362,卖盘
09:54:48,3.23,0.0,362,117238,卖盘
09:54:55,3.23,0.0,66,21318,卖盘
09:54:58,3.24,0.010000000000000231,5,1620,买盘
09:55:02,3.24,0.0,216,69980,买盘
09:55:08,3.24,0.0,15,4860,买盘
09:55:11,3.24,0.0,24,7776,买盘
09:55:14,3.24,0.0,45,14580,买盘
09:55:17,3.24,0.0,180,58320,买盘
09:55:21,3.23,-0.010000000000000231,152,49177,卖盘
09:55:24,3.24,0.010000000000000231,449,145476,买盘
09:55:27,3.24,0.0,217,70307,买盘
09:55:30,3.23,-0.010000000000000231,145,46949,卖盘
09:55:33,3.24,0.010000000000000231,75,24287,买盘
09:55:36,3.23,-0.010000000000000231,236,76235,卖盘
09:55:39,3.23,0.0,10,3237,卖盘
09:55:42,3.24,0.010000000000000231,13,4212,买盘
09:55:45,3.23,-0.010000000000000231,272,87879,卖盘
09:55:49,3.23,0.0,180,58140,卖盘
09:55:52,3.24,0.010000000000000231,202,65447,买盘
09:55:55,3.23,-0.010000000000000231,22,7126,卖盘
09:55:59,3.23,0.0,56,18092,卖盘
09:56:02,3.23,0.0,51,16512,卖盘
09:56:05,3.24,0.010000000000000231,72,23328,买盘
09:56:08,3.24,0.0,417,135108,买盘
09:56:11,3.23,-0.010000000000000231,6,1938,卖盘
09:56:15,3.23,0.0,119,38474,卖盘
09:56:24,3.23,0.0,40,12920,卖盘
09:56:27,3.23,0.0,4,1295,卖盘
09:56:30,3.24,0.010000000000000231,56,18139,买盘
09:56:36,3.23,-0.010000000000000231,34,11010,卖盘
09:56:39,3.23,0.0,5,1615,卖盘
09:56:42,3.23,0.0,20,6460,卖盘
09:56:49,3.23,0.0,75,24265,卖盘
09:56:52,3.23,0.0,114,36822,卖盘
09:56:55,3.24,0.010000000000000231,10,3240,买盘
09:56:59,3.24,0.0,36,11664,买盘
09:57:02,3.23,-0.010000000000000231,84,27132,卖盘
09:57:05,3.24,0.010000000000000231,8,2592,买盘
09:57:08,3.23,-0.010000000000000231,81,26164,卖盘
09:57:12,3.23,0.0,32,10336,卖盘
09:57:15,3.24,0.010000000000000231,120,38874,买盘
09:57:18,3.23,-0.010000000000000231,72,23256,卖盘
09:57:21,3.24,0.010000000000000231,49,15832,买盘
09:57:24,3.23,-0.010000000000000231,13,4199,卖盘
09:57:27,3.24,0.010000000000000231,3231,1043783,买盘
09:57:30,3.23,-0.010000000000000231,20,6477,卖盘
09:57:33,3.23,0.0,168,54264,卖盘
09:57:36,3.23,0.0,484,156321,卖盘
09:57:40,3.23,0.0,127,41017,买盘
09:57:43,3.23,0.0,68,21929,买盘
09:57:46,3.23,0.0,26,8398,买盘
09:57:49,3.23,0.0,93,30039,买盘
09:57:53,3.23,0.0,600,193258,买盘
09:57:59,3.22,-0.009999999999999787,100,32200,卖盘
09:58:02,3.23,0.009999999999999787,1,323,买盘
09:58:05,3.23,0.0,10,3230,买盘
09:58:09,3.22,-0.009999999999999787,114,36808,卖盘
09:58:12,3.22,0.0,34,10969,卖盘
09:58:15,3.22,0.0,129,41548,卖盘
09:58:18,3.23,0.009999999999999787,14,4521,买盘
09:58:21,3.22,-0.009999999999999787,60,19332,卖盘
09:58:24,3.22,0.0,165,53192,卖盘
09:58:27,3.23,0.009999999999999787,1588,512689,买盘
09:58:30,3.23,0.0,51,16474,卖盘
09:58:33,3.23,0.0,1022,329487,卖盘
09:58:36,3.23,0.0,51,16473,买盘
09:58:40,3.23,0.0,335,108205,买盘
09:58:43,3.23,0.0,36,11628,买盘
09:58:46,3.23,0.0,6,1938,买盘
09:58:50,3.23,0.0,85,27455,买盘
09:58:53,3.22,-0.009999999999999787,78,25123,卖盘
09:58:56,3.22,0.0,15,4830,卖盘
09:58:59,3.22,0.0,64,20608,卖盘
09:59:05,3.22,0.0,51,16432,卖盘
09:59:09,3.22,0.0,54,17388,卖盘
09:59:12,3.22,0.0,80,25760,卖盘
09:59:15,3.22,0.0,210,67622,卖盘
09:59:18,3.22,0.0,374,120428,卖盘
09:59:21,3.23,0.009999999999999787,104,33549,买盘
09:59:24,3.22,-0.009999999999999787,154,49609,卖盘
09:59:30,3.22,0.0,239,76958,卖盘
09:59:33,3.22,0.0,240,77280,卖盘
09:59:37,3.22,0.0,265,85349,卖盘
09:59:40,3.22,0.0,46,14812,卖盘
09:59:43,3.22,0.0,101,32522,卖盘
09:59:46,3.23,0.009999999999999787,13,4191,买盘
09:59:50,3.22,-0.009999999999999787,62,19964,卖盘
09:59:53,3.22,0.0,80,25760,卖盘
09:59:56,3.22,0.0,298,95956,卖盘
09:59:59,3.22,0.0,299,96302,卖盘
10:00:02,3.22,0.0,117,37674,卖盘
10:00:06,3.22,0.0,292,94024,卖盘
10:00:09,3.22,0.0,210,67620,卖盘
10:00:12,3.22,0.0,62,19964,卖盘
10:00:15,3.22,0.0,210,67620,卖盘
10:00:18,3.22,0.0,64,20608,卖盘
10:00:21,3.22,0.0,615,198427,卖盘
10:00:24,3.23,0.009999999999999787,7,2257,买盘
10:00:27,3.22,-0.009999999999999787,57,18354,卖盘
10:00:30,3.22,0.0,35,11270,卖盘
10:00:34,3.23,0.009999999999999787,217,69909,买盘
10:00:37,3.23,0.0,50,16115,买盘
10:00:40,3.23,0.0,3,967,买盘
10:00:44,3.23,0.0,30,9683,买盘
10:00:53,3.23,0.0,10,3230,买盘
10:00:59,3.22,-0.009999999999999787,23,7406,卖盘
10:01:12,3.23,0.009999999999999787,152,49052,买盘
10:01:15,3.23,0.0,53,17119,买盘
10:01:18,3.23,0.0,4,1292,买盘
10:01:21,3.22,-0.009999999999999787,233,75059,卖盘
10:01:24,3.23,0.009999999999999787,4,1292,买盘
10:01:27,3.23,0.0,440,142120,买盘
10:01:30,3.22,-0.009999999999999787,1058,340676,卖盘
10:01:34,3.23,0.009999999999999787,2,646,买盘
10:01:37,3.23,0.0,3,969,买盘
10:01:40,3.23,0.0,89,28662,买盘
10:01:44,3.23,0.0,16,5165,买盘
10:01:50,3.23,0.0,59,19007,买盘
10:01:53,3.22,-0.009999999999999787,12,3875,卖盘
10:01:59,3.22,0.0,12,3864,卖盘
10:02:03,3.22,0.0,460,148122,卖盘
10:02:06,3.23,0.009999999999999787,757,244511,买盘
10:02:09,3.22,-0.009999999999999787,25,8050,卖盘
10:02:12,3.23,0.009999999999999787,12,3876,买盘
10:02:15,3.23,0.0,7,2261,买盘
10:02:18,3.23,0.0,20,6459,买盘
10:02:21,3.23,0.0,272,87856,买盘
10:02:24,3.23,0.0,24,7752,买盘
10:02:27,3.22,-0.009999999999999787,78,25121,卖盘
10:02:34,3.23,0.009999999999999787,1,323,买盘
10:02:37,3.23,0.0,66,21318,买盘
10:02:41,3.23,0.0,362,116926,买盘
10:02:44,3.23,0.0,68,21964,买盘
10:02:50,3.23,0.0,15,4845,买盘
10:02:56,3.22,-0.009999999999999787,143,46046,卖盘
10:03:00,3.23,0.009999999999999787,51,16471,买盘
10:03:03,3.23,0.0,157,50711,买盘
10:03:12,3.23,0.0,31,10013,买盘
10:03:15,3.22,-0.009999999999999787,17,5474,卖盘
10:03:18,3.23,0.009999999999999787,6,1937,买盘
10:03:21,3.23,0.0,188,60724,买盘
10:03:24,3.23,0.0,3,969,买盘
10:03:27,3.23,0.0,78,25178,买盘
10:03:34,3.23,0.0,10,3230,买盘
10:03:37,3.23,0.0,105,33915,买盘
10:03:41,3.23,0.0,1,323,买盘
10:03:44,3.22,-0.009999999999999787,31,9989,卖盘
10:03:47,3.23,0.009999999999999787,5,1615,买盘
10:03:53,3.22,-0.009999999999999787,10,3220,卖盘
10:03:56,3.22,0.0,6,1932,卖盘
10:04:03,3.22,0.0,1,322,卖盘
10:04:06,3.22,0.0,38,12236,卖盘
10:04:09,3.23,0.009999999999999787,40,12918,买盘
10:04:12,3.22,-0.009999999999999787,136,43792,卖盘
10:04:15,3.23,0.009999999999999787,12,3865,买盘
10:04:18,3.22,-0.009999999999999787,191,61502,卖盘
10:04:21,3.22,0.0,75,24150,卖盘
10:04:24,3.22,0.0,35,11274,卖盘
10:04:28,3.22,0.0,165,53130,卖盘
10:04:31,3.22,0.0,13,4186,卖盘
10:04:34,3.22,0.0,63,20286,卖盘
10:04:38,3.22,0.0,16,5153,卖盘
10:04:41,3.23,0.009999999999999787,31,10013,买盘
10:04:50,3.22,-0.009999999999999787,8,2576,卖盘
10:04:53,3.22,0.0,10,3220,卖盘
10:05:03,3.22,0.0,63,20286,卖盘
10:05:06,3.22,0.0,3,966,卖盘
10:05:09,3.22,0.0,88,28336,卖盘
10:05:12,3.22,0.0,852,274344,卖盘
10:05:15,3.22,0.0,301,96922,卖盘
10:05:18,3.23,0.009999999999999787,14,4517,买盘
10:05:21,3.22,-0.009999999999999787,292,94024,卖盘
10:05:25,3.23,0.009999999999999787,5,1614,买盘
10:05:28,3.22,-0.009999999999999787,1533,493639,卖盘
10:05:31,3.22,0.0,48,15456,卖盘
10:05:35,3.22,0.0,39,12558,卖盘
10:05:38,3.22,0.0,52,16746,卖盘
10:05:41,3.23,0.009999999999999787,948,306204,买盘
10:05:44,3.22,-0.009999999999999787,327,105294,卖盘
10:05:47,3.22,0.0,259,83409,买盘
10:05:50,3.22,0.0,367,118174,卖盘
10:05:54,3.22,0.0,18,5796,卖盘
10:05:57,3.21,-0.010000000000000231,42,13497,卖盘
10:06:00,3.22,0.010000000000000231,1,322,买盘
10:06:03,3.22,0.0,5,1610,买盘
10:06:09,3.21,-0.010000000000000231,176,56650,卖盘
10:06:12,3.21,0.0,369,118449,卖盘
10:06:15,3.21,0.0,333,106893,卖盘
10:06:19,3.22,0.010000000000000231,159,51197,买盘
10:06:22,3.21,-0.010000000000000231,15,4815,卖盘
10:06:25,3.22,0.010000000000000231,23,7406,买盘
10:06:28,3.21,-0.010000000000000231,1,321,卖盘
10:06:31,3.22,0.010000000000000231,52,16694,买盘
10:06:35,3.22,0.0,322,103671,买盘
10:06:38,3.21,-0.010000000000000231,51,16372,卖盘
10:06:41,3.22,0.010000000000000231,29,9337,买盘
10:06:44,3.22,0.0,80,25760,买盘
10:06:47,3.22,0.0,22,7084,买盘
10:06:54,3.21,-0.010000000000000231,11,3531,卖盘
10:06:57,3.22,0.010000000000000231,10,3220,买盘
10:07:00,3.21,-0.010000000000000231,180,57780,卖盘
10:07:03,3.21,0.0,65,20865,卖盘
10:07:06,3.22,0.010000000000000231,1531,492425,买盘
10:07:12,3.23,0.009999999999999787,964,310766,买盘
10:07:15,3.22,-0.009999999999999787,18,5798,卖盘
10:07:19,3.22,0.0,1,322,卖盘
10:07:22,3.22,0.0,90,29003,卖盘
10:07:25,3.23,0.009999999999999787,54,17392,买盘
10:07:29,3.22,-0.009999999999999787,130,41861,卖盘
10:07:32,3.22,0.0,2,644,卖盘
10:07:35,3.23,0.009999999999999787,14,4522,买盘
10:07:38,3.23,0.0,2,646,买盘
10:07:41,3.24,0.010000000000000231,2240,723909,买盘
10:07:44,3.23,-0.010000000000000231,439,141936,卖盘
10:07:48,3.24,0.010000000000000231,140,45360,买盘
10:07:51,3.24,0.0,567,183708,买盘
10:07:54,3.25,0.009999999999999787,158,51213,买盘
10:07:57,3.24,-0.009999999999999787,536,174064,卖盘
10:08:00,3.25,0.009999999999999787,2,650,买盘
10:08:03,3.25,0.0,2777,902341,买盘
10:08:06,3.25,0.0,25,8125,卖盘
10:08:09,3.25,0.0,8,2600,卖盘
10:08:13,3.25,0.0,1,325,卖盘
10:08:16,3.25,0.0,103,33486,卖盘
10:08:19,3.25,0.0,60,19500,卖盘
10:08:23,3.25,0.0,96,31204,卖盘
10:08:26,3.26,0.009999999999999787,3,978,买盘
10:08:32,3.26,0.0,7,2276,买盘
10:08:35,3.26,0.0,300,97760,买盘
10:08:38,3.26,0.0,2,652,买盘
10:08:45,3.25,-0.009999999999999787,187,60919,卖盘
10:08:48,3.26,0.009999999999999787,304,98801,买盘
10:08:51,3.25,-0.009999999999999787,15,4878,卖盘
10:08:57,3.26,0.009999999999999787,80,26048,买盘
10:09:00,3.26,0.0,8,2608,买盘
10:09:03,3.26,0.0,205,66782,买盘
10:09:06,3.25,-0.009999999999999787,250,81250,卖盘
10:09:09,3.25,0.0,116,37700,卖盘
10:09:13,3.25,0.0,98,31850,卖盘
10:09:16,3.26,0.009999999999999787,30,9780,买盘
10:09:26,3.25,-0.009999999999999787,128,41580,买盘
10:09:29,3.24,-0.009999999999999787,98,31846,卖盘
10:09:32,3.25,0.009999999999999787,19,6175,买盘
10:09:35,3.25,0.0,4,1300,买盘
10:09:38,3.25,0.0,265,85875,买盘
10:09:42,3.24,-0.009999999999999787,12,3890,卖盘
10:09:45,3.25,0.009999999999999787,7,2275,买盘
10:09:51,3.25,0.0,2,650,买盘
10:09:54,3.24,-0.009999999999999787,6,1944,卖盘
10:09:57,3.24,0.0,11,3564,卖盘
10:10:00,3.24,0.0,1095,354780,卖盘
10:10:03,3.24,0.0,10,3245,中性盘
10:10:06,3.24,0.0,109,35316,卖盘
10:10:13,3.24,0.0,347,112429,卖盘
10:10:16,3.24,0.0,145,46980,卖盘
10:10:20,3.24,0.0,137,44387,买盘
10:10:23,3.24,0.0,121,39204,买盘
10:10:26,3.24,0.0,128,41598,卖盘
10:10:29,3.24,0.0,3,972,卖盘
10:10:35,3.24,0.0,75,24322,卖盘
10:10:39,3.25,0.009999999999999787,4,1300,买盘
10:10:42,3.25,0.0,1,325,买盘
10:10:45,3.24,-0.009999999999999787,20,6482,卖盘
10:10:48,3.25,0.009999999999999787,50,16249,买盘
10:10:54,3.25,0.0,137,44523,买盘
10:10:57,3.24,-0.009999999999999787,42,13608,卖盘
10:11:00,3.25,0.009999999999999787,26,8450,买盘
10:11:03,3.25,0.0,420,136500,买盘
10:11:13,3.25,0.0,6,1950,买盘
10:11:17,3.24,-0.009999999999999787,68,22042,卖盘
10:11:20,3.24,0.0,320,103680,卖盘
10:11:23,3.24,0.0,55,17820,卖盘
10:11:26,3.25,0.009999999999999787,7,2275,买盘
10:11:32,3.24,-0.009999999999999787,27,8748,卖盘
10:11:36,3.25,0.009999999999999787,5,1625,买盘
10:11:42,3.24,-0.009999999999999787,45,14581,卖盘
10:11:45,3.25,0.009999999999999787,8,2600,买盘
10:11:48,3.24,-0.009999999999999787,3,972,卖盘
10:11:51,3.24,0.0,14,4536,卖盘
10:11:54,3.24,0.0,128,41491,卖盘
10:12:00,3.25,0.009999999999999787,30,9750,买盘
10:12:03,3.25,0.0,71,23012,买盘
10:12:07,3.25,0.0,17,5525,买盘
10:12:10,3.24,-0.009999999999999787,2,648,卖盘
10:12:17,3.24,0.0,125,40500,卖盘
10:12:20,3.24,0.0,62,20088,卖盘
10:12:23,3.25,0.009999999999999787,165,53496,买盘
10:12:26,3.25,0.0,2,650,买盘
10:12:32,3.25,0.0,12,3900,买盘
10:12:36,3.24,-0.009999999999999787,76,24627,卖盘
10:12:39,3.25,0.009999999999999787,50,16250,买盘
10:12:42,3.24,-0.009999999999999787,132,42768,卖盘
10:12:45,3.24,0.0,128,41472,卖盘
10:12:48,3.25,0.009999999999999787,108,35077,买盘
10:12:51,3.24,-0.009999999999999787,31,10046,卖盘
10:12:54,3.24,0.0,112,36288,卖盘
10:13:00,3.24,0.0,8,2592,卖盘
10:13:03,3.24,0.0,30,9720,卖盘
10:13:17,3.24,0.0,67,21744,卖盘
10:13:20,3.25,0.009999999999999787,2,650,买盘
10:13:23,3.24,-0.009999999999999787,80,25921,卖盘
10:13:26,3.24,0.0,29,9396,卖盘
10:13:29,3.24,0.0,36,11664,卖盘
10:13:32,3.24,0.0,156,50557,卖盘
10:13:36,3.24,0.0,1374,446541,卖盘
10:13:39,3.25,0.009999999999999787,10,3250,买盘
10:13:42,3.25,0.0,1,325,买盘
10:13:45,3.24,-0.009999999999999787,330,106920,卖盘
10:13:48,3.24,0.0,12,3888,卖盘
10:13:51,3.24,0.0,205,66420,卖盘
10:13:54,3.24,0.0,50,16200,卖盘
10:13:57,3.24,0.0,11,3564,卖盘
10:14:00,3.25,0.009999999999999787,111,35966,买盘
10:14:04,3.24,-0.009999999999999787,29,9396,卖盘
10:14:07,3.24,0.0,1215,393660,卖盘
10:14:10,3.24,0.0,296,95904,买盘
10:14:13,3.24,0.0,136,44077,买盘
10:14:16,3.24,0.0,113,36612,买盘
10:14:20,3.23,-0.010000000000000231,179,57903,卖盘
10:14:23,3.24,0.010000000000000231,34,11016,买盘
10:14:26,3.24,0.0,112,36288,买盘
10:14:29,3.24,0.0,38,12312,买盘
10:14:32,3.25,0.009999999999999787,3,973,买盘
10:14:36,3.24,-0.009999999999999787,10,3240,卖盘
10:14:45,3.24,0.0,10,3240,卖盘
10:14:48,3.25,0.009999999999999787,1,325,买盘
10:14:51,3.25,0.0,865,281068,买盘
10:14:57,3.25,0.0,511,165575,买盘
10:15:00,3.25,0.0,10,3250,买盘
10:15:04,3.24,-0.009999999999999787,10,3240,卖盘
10:15:07,3.24,0.0,9,2916,卖盘
10:15:10,3.24,0.0,1,324,卖盘
10:15:20,3.25,0.009999999999999787,1,325,买盘
10:15:23,3.24,-0.009999999999999787,200,64800,卖盘
10:15:26,3.25,0.009999999999999787,12,3900,买盘
10:15:29,3.25,0.0,1,325,买盘
10:15:33,3.24,-0.009999999999999787,193,62675,卖盘
10:15:36,3.24,0.0,30,9720,卖盘
10:15:39,3.24,0.0,1,324,卖盘
10:15:42,3.24,0.0,201,65125,卖盘
10:15:48,3.24,0.0,185,59948,卖盘
10:15:51,3.24,0.0,54,17496,卖盘
10:15:54,3.24,0.0,1,324,卖盘
10:15:57,3.24,0.0,57,18468,卖盘
10:16:01,3.25,0.009999999999999787,20,6500,买盘
10:16:04,3.24,-0.009999999999999787,103,33372,卖盘
10:16:07,3.24,0.0,256,82944,卖盘
10:16:10,3.24,0.0,7,2268,卖盘
10:16:17,3.25,0.009999999999999787,8,2600,买盘
10:16:20,3.25,0.0,96,31186,买盘
10:16:23,3.24,-0.009999999999999787,53,17180,卖盘
10:16:26,3.25,0.009999999999999787,306,99448,买盘
10:16:30,3.25,0.0,58,18796,买盘
10:16:33,3.25,0.0,3,975,买盘
10:16:36,3.25,0.0,537,174483,买盘
10:16:39,3.25,0.0,25,8125,买盘
10:16:42,3.24,-0.009999999999999787,106,34442,卖盘
10:16:45,3.25,0.009999999999999787,6,1950,买盘
10:16:48,3.24,-0.009999999999999787,734,238542,卖盘
10:16:51,3.25,0.009999999999999787,30,9750,买盘
10:16:54,3.24,-0.009999999999999787,102,33053,卖盘
10:16:57,3.24,0.0,17,5508,卖盘
10:17:17,3.24,0.0,73,23652,卖盘
10:17:20,3.25,0.009999999999999787,23,7475,买盘
10:17:30,3.24,-0.009999999999999787,10,3240,卖盘
10:17:33,3.24,0.0,21,6804,卖盘
10:17:36,3.24,0.0,31,10054,卖盘
10:17:39,3.25,0.009999999999999787,10,3250,买盘
10:17:45,3.24,-0.009999999999999787,22,7128,卖盘
10:17:48,3.24,0.0,158,51192,卖盘
10:17:51,3.25,0.009999999999999787,25,8125,买盘
10:17:54,3.25,0.0,20,6500,买盘
10:18:01,3.24,-0.009999999999999787,117,37908,卖盘
10:18:08,3.25,0.009999999999999787,118,38350,买盘
10:18:20,3.24,-0.009999999999999787,10,3240,卖盘
10:18:23,3.25,0.009999999999999787,98,31760,买盘
10:18:27,3.25,0.0,9,2917,买盘
10:18:30,3.24,-0.009999999999999787,60,19440,卖盘
10:18:36,3.25,0.009999999999999787,10,3250,买盘
10:18:39,3.24,-0.009999999999999787,78,25283,卖盘
10:18:42,3.25,0.009999999999999787,16,5185,买盘
10:18:45,3.24,-0.009999999999999787,6,1944,卖盘
10:18:48,3.25,0.009999999999999787,30,9750,买盘
10:18:51,3.25,0.0,10,3250,买盘
10:18:54,3.24,-0.009999999999999787,47,15228,卖盘
10:18:58,3.24,0.0,219,70956,卖盘
10:19:08,3.25,0.009999999999999787,26,8432,买盘
10:19:11,3.25,0.0,43,13933,买盘
10:19:24,3.25,0.0,29,9424,买盘
10:19:33,3.24,-0.009999999999999787,1,324,卖盘
10:19:36,3.25,0.009999999999999787,208,67462,买盘
10:19:39,3.24,-0.009999999999999787,8,2596,卖盘
10:19:42,3.24,0.0,26,8424,卖盘
10:19:45,3.24,0.0,1,324,卖盘
10:19:48,3.24,0.0,14,4536,卖盘
10:19:51,3.24,0.0,570,184680,卖盘
10:19:58,3.24,0.0,18,5832,卖盘
10:20:01,3.24,0.0,10,3240,卖盘
10:20:08,3.24,0.0,13,4212,卖盘
10:20:11,3.24,0.0,52,16849,卖盘
10:20:14,3.25,0.009999999999999787,9,2925,买盘
10:20:17,3.24,-0.009999999999999787,75,24300,卖盘
10:20:21,3.25,0.009999999999999787,334,108549,买盘
10:20:24,3.25,0.0,485,157625,买盘
10:20:27,3.25,0.0,2,650,买盘
10:20:30,3.25,0.0,2340,760494,买盘
10:20:33,3.25,0.0,389,126385,买盘
10:20:36,3.26,0.009999999999999787,2532,823454,买盘
10:20:39,3.26,0.0,64,20864,买盘
10:20:42,3.25,-0.009999999999999787,103,33478,卖盘
10:20:45,3.25,0.0,25,8140,卖盘
10:20:49,3.25,0.0,104,33824,卖盘
10:20:52,3.25,0.0,94,30558,卖盘
10:20:55,3.26,0.009999999999999787,177,57702,买盘
10:20:59,3.26,0.0,107,34881,买盘
10:21:02,3.26,0.0,8,2608,买盘
10:21:05,3.26,0.0,492,160392,买盘
10:21:08,3.25,-0.009999999999999787,6,1951,卖盘
10:21:14,3.26,0.009999999999999787,4,1304,买盘
10:21:18,3.26,0.0,8,2608,买盘
10:21:21,3.26,0.0,60,19560,买盘
10:21:24,3.26,0.0,312,101712,买盘
10:21:27,3.25,-0.009999999999999787,75,24375,卖盘
10:21:30,3.25,0.0,40,13000,卖盘
10:21:33,3.25,0.0,24,7808,卖盘
10:21:36,3.26,0.009999999999999787,1,326,买盘
10:21:49,3.25,-0.009999999999999787,10,3258,卖盘
10:21:52,3.26,0.009999999999999787,9,2934,买盘
10:21:56,3.25,-0.009999999999999787,10,3250,卖盘
10:21:59,3.26,0.009999999999999787,708,230805,买盘
10:22:05,3.26,0.0,8,2608,买盘
10:22:08,3.26,0.0,15,4890,买盘
10:22:11,3.26,0.0,100,32600,买盘
10:22:18,3.26,0.0,58,18908,买盘
10:22:21,3.25,-0.009999999999999787,113,36835,卖盘
10:22:24,3.25,0.0,32,10430,卖盘
10:22:27,3.26,0.009999999999999787,83,26995,买盘
10:22:33,3.26,0.0,13,4236,买盘
10:22:36,3.25,-0.009999999999999787,15,4875,卖盘
10:22:43,3.25,0.0,23,7478,卖盘
10:22:46,3.26,0.009999999999999787,3,978,买盘
10:22:49,3.25,-0.009999999999999787,10,3258,卖盘
10:22:53,3.26,0.009999999999999787,18,5868,买盘
10:22:56,3.25,-0.009999999999999787,128,41600,卖盘
10:23:05,3.25,0.0,1,325,卖盘
10:23:08,3.25,0.0,55,17883,卖盘
10:23:12,3.25,0.0,10,3250,卖盘
10:23:15,3.25,0.0,117,38025,卖盘
10:23:21,3.25,0.0,50,16250,卖盘
10:23:24,3.26,0.009999999999999787,14,4558,买盘
10:23:27,3.25,-0.009999999999999787,4,1300,卖盘
10:23:30,3.26,0.009999999999999787,202,65804,买盘
10:23:33,3.26,0.0,31,10106,买盘
10:23:36,3.26,0.0,6,1951,买盘
10:23:40,3.25,-0.009999999999999787,1,325,卖盘
10:23:43,3.25,0.0,20,6500,卖盘
10:23:53,3.26,0.009999999999999787,8,2608,买盘
10:24:02,3.26,0.0,241,78326,买盘
10:24:05,3.26,0.0,10,3260,买盘
10:24:09,3.26,0.0,14,4563,买盘
10:24:12,3.25,-0.009999999999999787,143,46479,卖盘
10:24:15,3.25,0.0,16,5200,卖盘
10:24:18,3.26,0.009999999999999787,30,9766,买盘
10:24:21,3.25,-0.009999999999999787,2,651,卖盘
10:24:24,3.26,0.009999999999999787,16,5216,买盘
10:24:27,3.25,-0.009999999999999787,64,20800,卖盘
10:24:30,3.26,0.009999999999999787,6,1956,买盘
10:24:33,3.26,0.0,12,3912,买盘
10:24:37,3.26,0.0,8,2608,买盘
10:24:40,3.26,0.0,3,978,买盘
10:24:43,3.25,-0.009999999999999787,2,651,卖盘
10:24:47,3.26,0.009999999999999787,5,1630,买盘
10:24:50,3.25,-0.009999999999999787,192,62400,卖盘
10:24:53,3.26,0.009999999999999787,16,5216,买盘
10:25:02,3.25,-0.009999999999999787,514,167051,卖盘
10:25:06,3.25,0.0,56,18200,卖盘
10:25:09,3.25,0.0,103,33480,卖盘
10:25:12,3.25,0.0,568,184603,卖盘
10:25:15,3.25,0.0,114,37124,买盘
10:25:18,3.25,0.0,1,325,买盘
10:25:21,3.25,0.0,207,67325,卖盘
10:25:24,3.25,0.0,20,6500,买盘
10:25:27,3.25,0.0,4,1300,卖盘
10:25:30,3.25,0.0,16,5200,卖盘
10:25:34,3.25,0.0,14,4550,卖盘
10:25:37,3.25,0.0,48,15600,买盘
10:25:40,3.26,0.009999999999999787,1,326,买盘
10:25:43,3.25,-0.009999999999999787,7,2275,卖盘
10:25:47,3.25,0.0,213,69220,买盘
10:25:50,3.25,0.0,16,5200,买盘
10:25:53,3.25,0.0,59,19175,买盘
10:25:56,3.25,0.0,53,17216,买盘
10:25:59,3.25,0.0,53,17225,卖盘
10:26:06,3.25,0.0,25,8125,买盘
10:26:09,3.25,0.0,11,3575,卖盘
10:26:12,3.25,0.0,47,15275,卖盘
10:26:15,3.25,0.0,20,6500,买盘
10:26:18,3.25,0.0,7,2275,买盘
10:26:21,3.25,0.0,56,18199,买盘
10:26:34,3.25,0.0,29,9425,买盘
10:26:37,3.24,-0.009999999999999787,299,96876,卖盘
10:26:44,3.25,0.009999999999999787,246,79950,买盘
10:26:47,3.25,0.0,36,11700,卖盘
10:26:50,3.25,0.0,81,26325,卖盘
10:26:53,3.25,0.0,58,18850,卖盘
10:26:56,3.25,0.0,3,975,买盘
10:26:59,3.25,0.0,4,1300,买盘
10:27:03,3.25,0.0,8,2600,买盘
10:27:06,3.25,0.0,11,3575,买盘
10:27:12,3.25,0.0,318,103350,买盘
10:27:15,3.25,0.0,9,2925,买盘
10:27:18,3.25,0.0,10,3250,买盘
10:27:21,3.25,0.0,15,4875,买盘
10:27:24,3.25,0.0,73,23685,买盘
10:27:30,3.24,-0.009999999999999787,79,25661,卖盘
10:27:47,3.25,0.009999999999999787,158,51350,买盘
10:27:53,3.24,-0.009999999999999787,10,3240,卖盘
10:28:06,3.24,0.0,15,4860,卖盘
10:28:09,3.24,0.0,4,1296,卖盘
10:28:12,3.24,0.0,16,5187,卖盘
10:28:18,3.24,0.0,267,86528,卖盘
10:28:21,3.24,0.0,137,44388,卖盘
10:28:25,3.24,0.0,150,48600,卖盘
10:28:31,3.24,0.0,100,32400,卖盘
10:28:34,3.25,0.009999999999999787,11,3575,买盘
10:28:44,3.25,0.0,13,4225,买盘
10:28:47,3.25,0.0,100,32500,买盘
10:29:03,3.24,-0.009999999999999787,8,2599,卖盘
10:29:06,3.25,0.009999999999999787,14,4550,买盘
10:29:09,3.24,-0.009999999999999787,31,10045,卖盘
10:29:18,3.25,0.009999999999999787,3,975,买盘
10:29:22,3.25,0.0,40,13000,买盘
10:29:28,3.25,0.0,16,5200,买盘
10:29:38,3.25,0.0,5,1625,买盘
10:29:44,3.25,0.0,1,325,买盘
10:29:57,3.24,-0.009999999999999787,50,16200,卖盘
10:30:00,3.24,0.0,1,324,卖盘
10:30:12,3.25,0.009999999999999787,1,325,买盘
10:30:15,3.24,-0.009999999999999787,59,19116,卖盘
10:30:18,3.25,0.009999999999999787,3,974,买盘
10:30:21,3.25,0.0,9,2925,买盘
10:30:38,3.24,-0.009999999999999787,34,11020,卖盘
10:30:41,3.24,0.0,9,2916,卖盘
10:30:47,3.25,0.009999999999999787,10,3250,买盘
10:30:53,3.25,0.0,1,325,买盘
10:30:57,3.24,-0.009999999999999787,21,6805,卖盘
10:31:00,3.24,0.0,4,1299,卖盘
10:31:03,3.25,0.009999999999999787,33,10722,买盘
10:31:09,3.24,-0.009999999999999787,1,324,卖盘
10:31:12,3.24,0.0,510,165246,卖盘
10:31:18,3.24,0.0,98,31782,卖盘
10:31:21,3.25,0.009999999999999787,3,975,买盘
10:31:24,3.24,-0.009999999999999787,18,5832,卖盘
10:31:31,3.25,0.009999999999999787,62,20150,买盘
10:31:35,3.24,-0.009999999999999787,108,34996,卖盘
10:31:38,3.25,0.009999999999999787,4,1300,买盘
10:31:47,3.24,-0.009999999999999787,2,648,卖盘
10:31:54,3.25,0.009999999999999787,5,1625,买盘
10:32:00,3.24,-0.009999999999999787,2,648,卖盘
10:32:03,3.24,0.0,65,21060,卖盘
10:32:06,3.24,0.0,98,31752,卖盘
10:32:09,3.24,0.0,421,136404,卖盘
10:32:12,3.24,0.0,2,648,卖盘
10:32:18,3.25,0.009999999999999787,11,3574,买盘
10:32:22,3.24,-0.009999999999999787,47,15228,卖盘
10:32:35,3.24,0.0,56,18144,卖盘
10:32:41,3.25,0.009999999999999787,5,1625,买盘
10:32:54,3.25,0.0,41,13325,买盘
10:33:00,3.25,0.0,1,325,买盘
10:33:03,3.25,0.0,2,650,买盘
10:33:06,3.25,0.0,33,10724,买盘
10:33:25,3.25,0.0,196,63700,买盘
10:33:28,3.25,0.0,21,6825,买盘
10:33:32,3.25,0.0,4,1298,买盘
10:33:35,3.25,0.0,53,17225,买盘
10:33:41,3.24,-0.009999999999999787,47,15252,卖盘
10:33:44,3.25,0.009999999999999787,2,650,买盘
10:33:47,3.25,0.0,10,3250,买盘
10:33:51,3.25,0.0,23,7475,买盘
10:33:54,3.25,0.0,1,325,买盘
10:33:57,3.25,0.0,11,3575,买盘
10:34:00,3.24,-0.009999999999999787,3,972,卖盘
10:34:03,3.24,0.0,10,3240,卖盘
10:34:06,3.24,0.0,368,119593,卖盘
10:34:09,3.24,0.0,43,13944,卖盘
10:34:19,3.24,0.0,8,2599,卖盘
10:34:25,3.24,0.0,278,90072,卖盘
10:34:32,3.24,0.0,27,8748,卖盘
10:34:35,3.24,0.0,1,324,卖盘
10:34:41,3.24,0.0,20,6480,卖盘
10:34:44,3.25,0.009999999999999787,1,325,买盘
10:34:47,3.24,-0.009999999999999787,12,3888,卖盘
10:34:51,3.25,0.009999999999999787,63,20475,买盘
10:34:54,3.24,-0.009999999999999787,35,11350,卖盘
10:35:00,3.24,0.0,6,1944,卖盘
10:35:03,3.25,0.009999999999999787,15,4875,买盘
10:35:06,3.24,-0.009999999999999787,96,31105,卖盘
10:35:09,3.24,0.0,10,3246,卖盘
10:35:12,3.24,0.0,2,648,卖盘
10:35:15,3.25,0.009999999999999787,2,650,买盘
10:35:19,3.24,-0.009999999999999787,2,648,卖盘
10:35:22,3.24,0.0,80,25920,卖盘
10:35:25,3.24,0.0,49,15876,卖盘
10:35:29,3.24,0.0,11,3564,卖盘
10:35:32,3.25,0.009999999999999787,1,325,买盘
10:35:38,3.24,-0.009999999999999787,6,1944,卖盘
10:35:41,3.25,0.009999999999999787,83,26914,买盘
10:35:44,3.24,-0.009999999999999787,24,7776,卖盘
10:35:51,3.24,0.0,34,11016,卖盘
10:35:54,3.25,0.009999999999999787,63,20475,买盘
10:35:57,3.24,-0.009999999999999787,2,648,卖盘
10:36:03,3.24,0.0,46,14929,卖盘
10:36:06,3.24,0.0,2,648,卖盘
10:36:19,3.24,0.0,3,972,卖盘
10:36:29,3.24,0.0,10,3240,卖盘
10:36:32,3.24,0.0,25,8106,卖盘
10:36:35,3.24,0.0,62,20088,卖盘
10:36:45,3.25,0.009999999999999787,133,43213,买盘
10:36:48,3.25,0.0,1,325,买盘
10:36:51,3.24,-0.009999999999999787,20,6480,卖盘
10:36:54,3.24,0.0,20,6480,卖盘
10:37:00,3.24,0.0,37,11988,卖盘
10:37:03,3.24,0.0,10,3240,卖盘
10:37:09,3.25,0.009999999999999787,311,101075,买盘
10:37:16,3.25,0.0,18,5850,买盘
10:37:23,3.25,0.0,5,1625,买盘
10:37:29,3.25,0.0,521,168882,买盘
10:37:32,3.24,-0.009999999999999787,1,324,卖盘
10:37:35,3.24,0.0,17,5508,卖盘
10:37:38,3.24,0.0,10,3240,卖盘
10:37:45,3.24,0.0,10,3240,卖盘
10:37:48,3.25,0.009999999999999787,588,191100,买盘
10:37:51,3.25,0.0,201,65291,买盘
10:37:54,3.24,-0.009999999999999787,13,4224,卖盘
10:37:57,3.25,0.009999999999999787,3,975,买盘
10:38:00,3.24,-0.009999999999999787,1,324,卖盘
10:38:03,3.24,0.0,367,119224,卖盘
10:38:06,3.25,0.009999999999999787,5,1625,买盘
10:38:10,3.25,0.0,21,6825,买盘
10:38:13,3.24,-0.009999999999999787,5,1620,卖盘
10:38:20,3.24,0.0,1,324,卖盘
10:38:26,3.25,0.009999999999999787,3,975,买盘
10:38:29,3.24,-0.009999999999999787,1,324,卖盘
10:38:35,3.24,0.0,4,1296,卖盘
10:38:42,3.24,0.0,33,10692,卖盘
10:38:45,3.24,0.0,2,648,卖盘
10:38:48,3.24,0.0,125,40500,卖盘
10:38:54,3.24,0.0,2,648,卖盘
10:39:04,3.24,0.0,616,199584,卖盘
10:39:07,3.24,0.0,9,2919,卖盘
10:39:10,3.24,0.0,17,5508,卖盘
10:39:13,3.24,0.0,1,324,卖盘
10:39:20,3.24,0.0,102,33048,卖盘
10:39:23,3.24,0.0,23,7452,卖盘
10:39:26,3.24,0.0,29,9396,卖盘
10:39:29,3.24,0.0,2,648,卖盘
10:39:32,3.24,0.0,63,20412,卖盘
10:39:36,3.24,0.0,6,1944,卖盘
10:39:42,3.24,0.0,111,35964,卖盘
10:39:45,3.24,0.0,6,1945,卖盘
10:39:48,3.25,0.009999999999999787,4,1300,买盘
10:39:51,3.24,-0.009999999999999787,17,5518,卖盘
10:39:57,3.24,0.0,2,648,卖盘
10:40:00,3.24,0.0,2,648,卖盘
10:40:04,3.24,0.0,21,6804,卖盘
10:40:09,3.24,0.0,75,24300,卖盘
10:40:14,3.25,0.009999999999999787,1,325,买盘
10:40:17,3.24,-0.009999999999999787,203,65772,卖盘
10:40:20,3.24,0.0,20,6482,卖盘
10:40:23,3.24,0.0,115,37260,卖盘
10:40:29,3.25,0.009999999999999787,36,11690,买盘
10:40:36,3.24,-0.009999999999999787,1,324,卖盘
10:40:48,3.24,0.0,12,3888,卖盘
10:40:54,3.24,0.0,5,1620,卖盘
10:40:57,3.25,0.009999999999999787,16,5192,买盘
10:41:01,3.24,-0.009999999999999787,8,2592,卖盘
10:41:04,3.24,0.0,3,972,卖盘
10:41:07,3.24,0.0,1,324,卖盘
10:41:10,3.25,0.009999999999999787,3,974,买盘
10:41:14,3.25,0.0,10,3250,买盘
10:41:23,3.25,0.0,1301,422824,买盘
10:41:26,3.25,0.0,719,233664,买盘
10:41:30,3.25,0.0,2797,909023,买盘
10:41:33,3.25,0.0,671,218075,买盘
10:41:36,3.26,0.009999999999999787,2863,931516,买盘
10:41:39,3.26,0.0,23,7498,买盘
10:41:42,3.26,0.0,23,7498,买盘
10:41:45,3.25,-0.009999999999999787,539,175502,卖盘
10:41:48,3.26,0.009999999999999787,1,326,买盘
10:41:51,3.26,0.0,4252,1386152,买盘
10:41:58,3.26,0.0,16,5216,卖盘
10:42:01,3.26,0.0,32,10432,卖盘
10:42:04,3.26,0.0,90,29351,卖盘
10:42:07,3.27,0.010000000000000231,43,14031,买盘
10:42:11,3.27,0.0,163,53298,买盘
10:42:14,3.27,0.0,221,72217,买盘
10:42:17,3.27,0.0,170,55590,买盘
10:42:20,3.27,0.0,254,83057,买盘
10:42:23,3.27,0.0,297,97119,买盘
10:42:26,3.27,0.0,187,61149,买盘
10:42:30,3.27,0.0,5,1635,买盘
10:42:33,3.27,0.0,8,2616,买盘
10:42:36,3.27,0.0,149,48723,买盘
10:42:42,3.27,0.0,91,29757,买盘
10:42:45,3.27,0.0,1,327,买盘
10:42:48,3.27,0.0,10,3270,买盘
10:42:51,3.27,0.0,21,6857,买盘
10:42:54,3.27,0.0,188,61476,买盘
10:42:58,3.27,0.0,13,4251,买盘
10:43:01,3.27,0.0,1,327,买盘
10:43:04,3.26,-0.010000000000000231,118,38584,卖盘
10:43:07,3.26,0.0,2,653,卖盘
10:43:09,3.27,0.010000000000000231,54,17658,买盘
10:43:14,3.26,-0.010000000000000231,324,105655,卖盘
10:43:20,3.27,0.010000000000000231,30,9801,买盘
10:43:27,3.27,0.0,11,3596,买盘
10:43:30,3.27,0.0,1,327,买盘
10:43:33,3.26,-0.010000000000000231,240,78249,卖盘
10:43:39,3.26,0.0,117,38146,卖盘
10:43:42,3.27,0.010000000000000231,17,5559,买盘
10:43:45,3.27,0.0,51,16677,买盘
10:43:48,3.27,0.0,10,3270,买盘
10:43:51,3.27,0.0,22,7194,买盘
10:43:55,3.27,0.0,54,17658,买盘
10:43:58,3.26,-0.010000000000000231,15,4894,卖盘
10:44:05,3.27,0.010000000000000231,10,3270,买盘
10:44:08,3.26,-0.010000000000000231,47,15339,卖盘
10:44:11,3.27,0.010000000000000231,36,11752,买盘
10:44:14,3.27,0.0,113,36850,买盘
10:44:18,3.27,0.0,2,653,买盘
10:44:21,3.26,-0.010000000000000231,31,10106,卖盘
10:44:24,3.27,0.010000000000000231,2,654,买盘
10:44:27,3.26,-0.010000000000000231,353,115167,卖盘
10:44:33,3.27,0.010000000000000231,101,33027,买盘
10:44:36,3.26,-0.010000000000000231,367,119789,卖盘
10:44:39,3.27,0.010000000000000231,1,327,买盘
10:44:42,3.26,-0.010000000000000231,30,9780,卖盘
10:44:45,3.26,0.0,59,19292,卖盘
10:44:49,3.27,0.010000000000000231,34,11118,买盘
10:44:52,3.26,-0.010000000000000231,22,7189,卖盘
10:44:55,3.26,0.0,71,23157,卖盘
10:45:02,3.27,0.010000000000000231,84,27468,买盘
10:45:05,3.27,0.0,167,54582,买盘
10:45:08,3.27,0.0,294,96060,买盘
10:45:11,3.27,0.0,160,52319,买盘
10:45:14,3.27,0.0,162,52973,买盘
10:45:18,3.27,0.0,60,19620,买盘
10:45:21,3.27,0.0,87,28449,买盘
10:45:24,3.26,-0.010000000000000231,67,21903,卖盘
10:45:27,3.27,0.010000000000000231,7,2289,买盘
10:45:33,3.26,-0.010000000000000231,10,3260,卖盘
10:45:36,3.27,0.010000000000000231,76,24851,买盘
10:45:39,3.27,0.0,1,327,买盘
10:45:42,3.27,0.0,9,2943,买盘
10:45:46,3.27,0.0,84,27468,买盘
10:45:49,3.26,-0.010000000000000231,10,3260,卖盘
10:45:52,3.27,0.010000000000000231,54,17658,买盘
10:45:55,3.27,0.0,13,4251,买盘
10:45:59,3.27,0.0,63,20551,买盘
10:46:05,3.27,0.0,95,31065,买盘
10:46:08,3.26,-0.010000000000000231,7,2282,卖盘
10:46:11,3.27,0.010000000000000231,353,115289,买盘
10:46:15,3.27,0.0,173,56468,买盘
10:46:18,3.27,0.0,199,65073,买盘
10:46:21,3.26,-0.010000000000000231,227,74032,卖盘
10:46:24,3.27,0.010000000000000231,972,317844,买盘
10:46:27,3.27,0.0,11,3597,买盘
10:46:30,3.27,0.0,968,316526,买盘
10:46:33,3.26,-0.010000000000000231,650,212541,卖盘
10:46:36,3.27,0.010000000000000231,27,8829,买盘
10:46:39,3.26,-0.010000000000000231,10,3260,卖盘
10:46:43,3.26,0.0,10,3260,卖盘
10:46:49,3.27,0.010000000000000231,159,51990,买盘
10:46:53,3.27,0.0,27,8829,买盘
10:46:56,3.27,0.0,40,13042,买盘
10:46:59,3.26,-0.010000000000000231,10,3260,卖盘
10:47:02,3.26,0.0,18,5873,卖盘
10:47:05,3.27,0.010000000000000231,20,6540,买盘
10:47:08,3.27,0.0,139,45453,买盘
10:47:12,3.27,0.0,202,66033,买盘
10:47:15,3.27,0.0,906,296262,买盘
10:47:18,3.27,0.0,260,85020,买盘
10:47:21,3.27,0.0,30,9810,卖盘
10:47:27,3.28,0.009999999999999787,207,67692,买盘
10:47:30,3.28,0.0,299,98045,买盘
10:47:33,3.27,-0.009999999999999787,50,16358,卖盘
10:47:36,3.28,0.009999999999999787,26,8528,买盘
10:47:40,3.28,0.0,39,12757,买盘
10:47:49,3.27,-0.009999999999999787,21,6883,卖盘
10:47:52,3.28,0.009999999999999787,164,53792,买盘
10:47:56,3.28,0.0,51,16728,买盘
10:47:59,3.28,0.0,31,10168,买盘
10:48:02,3.28,0.0,53,17365,买盘
10:48:05,3.28,0.0,21,6888,买盘
10:48:08,3.28,0.0,162,53136,买盘
10:48:12,3.28,0.0,62,20336,买盘
10:48:15,3.28,0.0,52,17056,买盘
10:48:18,3.28,0.0,1,328,买盘
10:48:21,3.28,0.0,345,113159,买盘
10:48:24,3.28,0.0,125,41000,买盘
10:48:27,3.28,0.0,1011,331608,买盘
10:48:30,3.28,0.0,1,328,买盘
10:48:33,3.28,0.0,1,328,买盘
10:48:37,3.28,0.0,38,12464,买盘
10:48:40,3.28,0.0,29,9512,买盘
10:48:47,3.27,-0.009999999999999787,10,3270,卖盘
10:48:50,3.28,0.009999999999999787,2108,691424,买盘
10:48:53,3.28,0.0,254,83312,买盘
10:48:56,3.28,0.0,149,48872,买盘
10:48:59,3.28,0.0,11,3603,买盘
10:49:02,3.28,0.0,1,328,买盘
10:49:05,3.28,0.0,204,66912,买盘
10:49:09,3.27,-0.009999999999999787,388,127163,卖盘
10:49:12,3.28,0.009999999999999787,180,59040,买盘
10:49:15,3.28,0.0,160,52480,买盘
10:49:18,3.28,0.0,179,58712,买盘
10:49:21,3.27,-0.009999999999999787,6,1962,卖盘
10:49:24,3.28,0.009999999999999787,87,28536,买盘
10:49:27,3.27,-0.009999999999999787,161,52767,卖盘
10:49:30,3.28,0.009999999999999787,4,1312,买盘
10:49:34,3.28,0.0,35,11480,买盘
10:49:37,3.28,0.0,201,65928,买盘
10:49:40,3.27,-0.009999999999999787,2,654,卖盘
10:49:47,3.28,0.009999999999999787,55,18040,买盘
10:49:50,3.28,0.0,5,1640,买盘
10:49:56,3.27,-0.009999999999999787,4,1308,卖盘
10:50:02,3.27,0.0,2,654,卖盘
10:50:06,3.28,0.009999999999999787,147,48210,买盘
10:50:09,3.28,0.0,168,55104,买盘
10:50:12,3.28,0.0,201,65928,买盘
10:50:15,3.28,0.0,669,219409,买盘
10:50:18,3.28,0.0,117,38374,买盘
10:50:21,3.28,0.0,156,51050,买盘
10:50:24,3.28,0.0,6,1964,买盘
10:50:27,3.27,-0.009999999999999787,176,57560,卖盘
10:50:31,3.28,0.009999999999999787,34,11152,买盘
10:50:34,3.28,0.0,23,7544,买盘
10:50:37,3.27,-0.009999999999999787,51,16697,卖盘
10:50:40,3.28,0.009999999999999787,1349,442266,买盘
10:50:44,3.28,0.0,25,8200,买盘
10:50:47,3.28,0.0,14,4592,买盘
10:50:50,3.28,0.0,4381,1436968,买盘
10:50:53,3.28,0.0,597,195816,买盘
10:50:56,3.28,0.0,317,103975,买盘
10:50:59,3.28,0.0,549,180072,买盘
10:51:03,3.29,0.010000000000000231,250,82048,买盘
10:51:06,3.28,-0.010000000000000231,72,23685,卖盘
10:51:09,3.29,0.010000000000000231,42,13786,买盘
10:51:12,3.29,0.0,12,3937,买盘
10:51:15,3.28,-0.010000000000000231,166,54464,卖盘
10:51:18,3.28,0.0,18,5904,卖盘
10:51:24,3.29,0.010000000000000231,17,5577,买盘
10:51:27,3.29,0.0,173,56907,买盘
10:51:31,3.29,0.0,78,25662,买盘
10:51:34,3.29,0.0,8,2632,买盘
10:51:37,3.29,0.0,95,31190,买盘
10:51:40,3.29,0.0,19,6237,买盘
10:51:44,3.29,0.0,44,14471,买盘
10:51:47,3.28,-0.010000000000000231,351,115419,卖盘
10:51:50,3.29,0.010000000000000231,25,8225,买盘
10:51:53,3.29,0.0,52,17057,买盘
10:51:56,3.29,0.0,50,16450,买盘
10:51:59,3.29,0.0,57,18753,买盘
10:52:03,3.29,0.0,49,16121,买盘
10:52:06,3.28,-0.010000000000000231,12,3936,卖盘
10:52:09,3.29,0.010000000000000231,6,1974,买盘
10:52:12,3.29,0.0,23,7567,买盘
10:52:15,3.28,-0.010000000000000231,82,26966,卖盘
10:52:18,3.28,0.0,4,1312,卖盘
10:52:21,3.28,0.0,48,15784,卖盘
10:52:24,3.28,0.0,47,15420,卖盘
10:52:28,3.28,0.0,87,28614,卖盘
10:52:31,3.29,0.010000000000000231,55,18093,买盘
10:52:34,3.28,-0.010000000000000231,165,54120,卖盘
10:52:37,3.28,0.0,106,34769,卖盘
10:52:41,3.28,0.0,70,22960,卖盘
10:52:44,3.28,0.0,31,10196,卖盘
10:52:47,3.29,0.010000000000000231,38,12502,买盘
10:52:50,3.29,0.0,1,329,买盘
10:52:53,3.29,0.0,45,14765,买盘
10:52:56,3.29,0.0,80,26320,买盘
10:53:06,3.28,-0.010000000000000231,5,1640,卖盘
10:53:09,3.28,0.0,86,28288,卖盘
10:53:12,3.28,0.0,167,54802,卖盘
10:53:15,3.28,0.0,22,7216,卖盘
10:53:18,3.28,0.0,145,47562,卖盘
10:53:21,3.27,-0.009999999999999787,4627,1514957,卖盘
10:53:24,3.28,0.009999999999999787,20,6542,买盘
10:53:28,3.27,-0.009999999999999787,14,4578,中性盘
10:53:31,3.27,0.0,6,1962,中性盘
10:53:34,3.27,0.0,2,654,中性盘
10:53:41,3.27,0.0,2,654,卖盘
10:53:44,3.27,0.0,22,7194,卖盘
10:53:53,3.27,0.0,144,47141,卖盘
10:53:57,3.27,0.0,22,7194,中性盘
10:54:00,3.27,0.0,320,104644,买盘
10:54:03,3.27,0.0,32,10464,买盘
10:54:06,3.27,0.0,62,20274,买盘
10:54:09,3.27,0.0,163,53301,买盘
10:54:12,3.27,0.0,99,32373,买盘
10:54:15,3.27,0.0,56,18312,买盘
10:54:18,3.27,0.0,25,8175,买盘
10:54:28,3.26,-0.010000000000000231,25,8155,卖盘
10:54:35,3.27,0.010000000000000231,3,981,买盘
10:54:41,3.26,-0.010000000000000231,10,3260,卖盘
10:54:54,3.27,0.010000000000000231,38,12426,买盘
10:54:57,3.26,-0.010000000000000231,24,7824,卖盘
10:55:00,3.26,0.0,3,978,卖盘
10:55:03,3.26,0.0,72,23472,卖盘
10:55:06,3.26,0.0,36,11736,卖盘
10:55:09,3.26,0.0,85,27760,卖盘
10:55:12,3.27,0.010000000000000231,21,6867,买盘
10:55:19,3.26,-0.010000000000000231,1,326,卖盘
10:55:22,3.27,0.010000000000000231,5,1635,买盘
10:55:25,3.27,0.0,2,654,买盘
10:55:28,3.27,0.0,5,1634,买盘
10:55:32,3.27,0.0,15,4905,买盘
10:55:35,3.26,-0.010000000000000231,25,8150,卖盘
10:55:38,3.27,0.010000000000000231,1,327,买盘
10:55:51,3.27,0.0,2,654,买盘
10:55:54,3.27,0.0,11,3596,买盘
10:55:57,3.26,-0.010000000000000231,20,6520,卖盘
10:56:03,3.27,0.010000000000000231,34,11118,买盘
10:56:06,3.26,-0.010000000000000231,13,4238,卖盘
10:56:09,3.27,0.010000000000000231,9,2935,买盘
10:56:15,3.27,0.0,35,11445,买盘
10:56:19,3.27,0.0,50,16350,买盘
10:56:22,3.27,0.0,22,7194,买盘
10:56:25,3.27,0.0,31,10107,买盘
10:56:29,3.27,0.0,44,14388,买盘
10:56:38,3.26,-0.010000000000000231,15,4890,卖盘
10:56:41,3.26,0.0,21,6846,卖盘
10:56:44,3.26,0.0,1,326,卖盘
10:56:47,3.26,0.0,10,3260,卖盘
10:56:51,3.27,0.010000000000000231,64,20928,买盘
10:56:54,3.27,0.0,1,327,买盘
10:56:57,3.27,0.0,7,2289,买盘
10:57:00,3.27,0.0,64,20898,买盘
10:57:03,3.27,0.0,5,1635,买盘
10:57:06,3.27,0.0,17,5559,买盘
10:57:09,3.27,0.0,45,14715,买盘
10:57:12,3.27,0.0,3,981,买盘
10:57:15,3.27,0.0,3,981,买盘
10:57:19,3.27,0.0,4,1307,买盘
10:57:22,3.27,0.0,427,139629,买盘
10:57:25,3.27,0.0,4,1308,买盘
10:57:29,3.27,0.0,5,1635,买盘
10:57:35,3.27,0.0,41,13391,买盘
10:57:38,3.27,0.0,1,327,买盘
10:57:44,3.27,0.0,184,60168,买盘
10:57:48,3.27,0.0,79,25774,买盘
10:57:51,3.26,-0.010000000000000231,29,9454,卖盘
10:57:54,3.27,0.010000000000000231,1,327,买盘
10:58:00,3.27,0.0,55,17970,买盘
10:58:03,3.26,-0.010000000000000231,247,80537,卖盘
10:58:09,3.26,0.0,1,326,卖盘
10:58:13,3.27,0.010000000000000231,375,122553,买盘
10:58:16,3.26,-0.010000000000000231,13,4238,卖盘
10:58:19,3.27,0.010000000000000231,22,7194,买盘
10:58:26,3.27,0.0,589,192015,买盘
10:58:29,3.27,0.0,32,10462,买盘
10:58:32,3.26,-0.010000000000000231,39,12714,卖盘
10:58:35,3.27,0.010000000000000231,60,19620,买盘
10:58:51,3.27,0.0,8,2616,买盘
10:58:54,3.26,-0.010000000000000231,44,14368,卖盘
10:58:57,3.27,0.010000000000000231,30,9810,买盘
10:59:03,3.27,0.0,12,3924,买盘
10:59:19,3.26,-0.010000000000000231,1,326,卖盘
10:59:23,3.26,0.0,3,978,卖盘
10:59:29,3.27,0.010000000000000231,2,654,买盘
10:59:32,3.26,-0.010000000000000231,1,326,卖盘
10:59:35,3.27,0.010000000000000231,1,327,买盘
10:59:38,3.27,0.0,1,327,买盘
10:59:45,3.26,-0.010000000000000231,30,9780,卖盘
10:59:48,3.27,0.010000000000000231,26,8502,买盘
10:59:51,3.26,-0.010000000000000231,50,16300,卖盘
10:59:54,3.27,0.010000000000000231,5,1635,买盘
11:00:00,3.27,0.0,13,4251,买盘
11:00:03,3.26,-0.010000000000000231,10,3260,卖盘
11:00:06,3.27,0.010000000000000231,3,981,买盘
11:00:09,3.27,0.0,6,1962,买盘
11:00:13,3.27,0.0,9,2943,买盘
11:00:16,3.27,0.0,12,3919,买盘
11:00:20,3.27,0.0,14,4578,买盘
11:00:23,3.27,0.0,4,1308,买盘
11:00:26,3.27,0.0,21,6867,买盘
11:00:32,3.27,0.0,12,3914,买盘
11:00:35,3.26,-0.010000000000000231,36,11736,卖盘
11:00:39,3.26,0.0,153,49878,卖盘
11:00:45,3.27,0.010000000000000231,13,4251,买盘
11:00:48,3.27,0.0,6,1962,买盘
11:00:51,3.26,-0.010000000000000231,41,13369,卖盘
11:00:54,3.27,0.010000000000000231,157,51209,买盘
11:00:57,3.26,-0.010000000000000231,179,58405,卖盘
11:01:00,3.26,0.0,4,1304,卖盘
11:01:03,3.26,0.0,33,10758,卖盘
11:01:06,3.26,0.0,3,978,卖盘
11:01:10,3.26,0.0,15,4890,卖盘
11:01:16,3.26,0.0,1,326,卖盘
11:01:20,3.26,0.0,53,17278,卖盘
11:01:26,3.27,0.010000000000000231,544,177714,买盘
11:01:32,3.26,-0.010000000000000231,40,13040,卖盘
11:01:39,3.26,0.0,5,1634,卖盘
11:01:42,3.26,0.0,8,2608,卖盘
11:01:54,3.26,0.0,274,89324,卖盘
11:01:57,3.26,0.0,40,13040,卖盘
11:02:07,3.27,0.010000000000000231,33,10759,买盘
11:02:10,3.26,-0.010000000000000231,5,1630,卖盘
11:02:13,3.27,0.010000000000000231,7,2289,买盘
11:02:16,3.26,-0.010000000000000231,1426,464876,卖盘
11:02:20,3.26,0.0,21,6846,卖盘
11:02:23,3.26,0.0,174,56724,买盘
11:02:26,3.26,0.0,14,4564,买盘
11:02:29,3.26,0.0,2,652,买盘
11:02:35,3.26,0.0,40,13040,买盘
11:02:39,3.25,-0.009999999999999787,12,3901,卖盘
11:02:42,3.26,0.009999999999999787,1,326,买盘
11:02:54,3.26,0.0,20,6520,买盘
11:02:57,3.25,-0.009999999999999787,1,325,卖盘
11:03:00,3.25,0.0,21,6825,卖盘
11:03:13,3.26,0.009999999999999787,61,19826,买盘
11:03:20,3.26,0.0,369,120293,买盘
11:03:26,3.26,0.0,1,326,买盘
11:03:39,3.26,0.0,1,326,买盘
11:03:45,3.25,-0.009999999999999787,1,325,卖盘
11:04:00,3.26,0.009999999999999787,5,1630,买盘
11:04:10,3.25,-0.009999999999999787,200,65000,卖盘
11:04:26,3.26,0.009999999999999787,99,32176,买盘
11:04:36,3.26,0.0,15,4890,买盘
11:04:39,3.26,0.0,15,4890,买盘
11:04:54,3.26,0.0,31,10106,买盘
11:04:58,3.26,0.0,26,8476,买盘
11:05:20,3.25,-0.009999999999999787,1,325,卖盘
11:05:27,3.26,0.009999999999999787,7,2282,买盘
11:05:33,3.26,0.0,54,17604,买盘
11:05:42,3.26,0.0,30,9779,买盘
11:05:45,3.26,0.0,15,4890,买盘
11:05:48,3.26,0.0,1,326,买盘
11:06:08,3.26,0.0,10,3260,买盘
11:06:14,3.26,0.0,1,326,买盘
11:06:20,3.26,0.0,3,978,买盘
11:06:27,3.26,0.0,2,652,买盘
11:06:30,3.26,0.0,19,6194,买盘
11:06:33,3.26,0.0,217,70732,买盘
11:06:36,3.26,0.0,1332,434232,买盘
11:06:39,3.26,0.0,328,107216,买盘
11:06:45,3.26,0.0,21,6854,卖盘
11:06:48,3.27,0.010000000000000231,39,12752,买盘
11:06:52,3.27,0.0,44,14386,买盘
11:06:55,3.27,0.0,34,11118,买盘
11:06:58,3.27,0.0,61,19947,买盘
11:07:01,3.27,0.0,100,32700,买盘
11:07:08,3.27,0.0,190,62130,买盘
11:07:14,3.27,0.0,140,45780,买盘
11:07:17,3.27,0.0,78,25506,买盘
11:07:20,3.26,-0.010000000000000231,121,39466,卖盘
11:07:24,3.26,0.0,125,40750,卖盘
11:07:27,3.27,0.010000000000000231,1,327,买盘
11:07:36,3.27,0.0,75,24523,买盘
11:07:42,3.26,-0.010000000000000231,5,1630,卖盘
11:07:55,3.26,0.0,3,978,卖盘
11:07:58,3.27,0.010000000000000231,3,981,买盘
11:08:08,3.26,-0.010000000000000231,166,54260,卖盘
11:08:11,3.27,0.010000000000000231,82,26814,买盘
11:08:14,3.27,0.0,62,20274,买盘
11:08:18,3.26,-0.010000000000000231,41,13385,卖盘
11:08:21,3.27,0.010000000000000231,5,1635,买盘
11:08:24,3.27,0.0,3,981,买盘
11:08:27,3.27,0.0,1,327,买盘
11:08:33,3.27,0.0,14,4568,买盘
11:08:36,3.27,0.0,29,9483,买盘
11:08:39,3.27,0.0,18,5881,买盘
11:08:43,3.27,0.0,34,11118,买盘
11:08:46,3.27,0.0,11,3597,买盘
11:08:52,3.27,0.0,8,2609,买盘
11:08:56,3.27,0.0,20,6540,买盘
11:08:59,3.27,0.0,485,158595,买盘
11:09:05,3.27,0.0,178,58205,买盘
11:09:08,3.27,0.0,124,40548,买盘
11:09:12,3.27,0.0,934,305418,买盘
11:09:15,3.27,0.0,204,66694,买盘
11:09:18,3.27,0.0,6,1962,买盘
11:09:21,3.26,-0.010000000000000231,2,653,卖盘
11:09:24,3.27,0.010000000000000231,201,65547,买盘
11:09:27,3.27,0.0,22,7194,买盘
11:09:30,3.27,0.0,4,1308,买盘
11:09:40,3.27,0.0,20,6540,买盘
11:09:43,3.26,-0.010000000000000231,10,3260,卖盘
11:09:46,3.27,0.010000000000000231,1,327,买盘
11:09:53,3.27,0.0,31,10135,买盘
11:09:56,3.27,0.0,112,36623,买盘
11:09:59,3.27,0.0,120,39190,买盘
11:10:02,3.27,0.0,44,14373,买盘
11:10:05,3.27,0.0,358,117063,买盘
11:10:09,3.27,0.0,179,58533,买盘
11:10:12,3.27,0.0,248,81096,买盘
11:10:15,3.27,0.0,184,60146,买盘
11:10:18,3.27,0.0,1014,331578,买盘
11:10:21,3.27,0.0,486,158922,买盘
11:10:24,3.27,0.0,78,25534,买盘
11:10:27,3.27,0.0,4,1308,卖盘
11:10:34,3.28,0.009999999999999787,28,9184,买盘
11:10:37,3.27,-0.009999999999999787,95,31065,卖盘
11:10:40,3.28,0.009999999999999787,31,10168,买盘
11:10:43,3.27,-0.009999999999999787,12,3925,卖盘
11:10:47,3.27,0.0,3203,1050381,卖盘
11:10:50,3.28,0.009999999999999787,55,18040,买盘
11:10:56,3.27,-0.009999999999999787,22,7194,卖盘
11:11:06,3.27,0.0,879,287433,卖盘
11:11:09,3.26,-0.010000000000000231,1,326,卖盘
11:11:15,3.27,0.010000000000000231,20,6540,买盘
11:11:18,3.27,0.0,157,51339,买盘
11:11:21,3.26,-0.010000000000000231,15,4903,卖盘
11:11:27,3.26,0.0,2,652,卖盘
11:11:37,3.27,0.010000000000000231,215,70092,买盘
11:12:09,3.27,0.0,32,10464,买盘
11:12:12,3.27,0.0,71,23152,买盘
11:12:15,3.26,-0.010000000000000231,42,13694,卖盘
11:12:18,3.27,0.010000000000000231,26,8502,买盘
11:12:21,3.27,0.0,961,314247,买盘
11:12:24,3.27,0.0,25,8175,买盘
11:12:27,3.27,0.0,6,1962,买盘
11:12:37,3.26,-0.010000000000000231,376,122577,卖盘
11:12:44,3.26,0.0,51,16626,卖盘
11:12:50,3.26,0.0,188,61288,卖盘
11:12:53,3.27,0.010000000000000231,1,327,买盘
11:12:56,3.26,-0.010000000000000231,188,61288,卖盘
11:12:59,3.26,0.0,20,6520,卖盘
11:13:06,3.26,0.0,1,326,卖盘
11:13:12,3.27,0.010000000000000231,11,3587,买盘
11:13:15,3.27,0.0,6,1962,买盘
11:13:18,3.26,-0.010000000000000231,1,326,卖盘
11:13:24,3.27,0.010000000000000231,3,981,买盘
11:13:27,3.27,0.0,73,23871,买盘
11:13:31,3.27,0.0,193,63111,买盘
11:13:34,3.27,0.0,115,37565,买盘
11:13:37,3.27,0.0,80,26159,买盘
11:13:40,3.27,0.0,78,25506,买盘
11:13:44,3.27,0.0,65,21255,买盘
11:13:47,3.27,0.0,167,54544,买盘
11:13:50,3.27,0.0,115,37605,买盘
11:13:53,3.27,0.0,160,52320,买盘
11:13:56,3.27,0.0,167,54609,买盘
11:13:59,3.27,0.0,286,93520,买盘
11:14:03,3.27,0.0,14,4578,买盘
11:14:09,3.27,0.0,322,105294,买盘
11:14:12,3.27,0.0,126,41202,买盘
11:14:15,3.27,0.0,1710,559170,买盘
11:14:18,3.27,0.0,279,91188,买盘
11:14:21,3.27,0.0,23,7521,买盘
11:14:24,3.27,0.0,83,27130,买盘
11:14:28,3.27,0.0,144,47088,买盘
11:14:31,3.27,0.0,5,1635,买盘
11:14:37,3.27,0.0,17,5559,买盘
11:14:40,3.26,-0.010000000000000231,50,16300,卖盘
11:14:44,3.28,0.020000000000000018,71,23245,买盘
11:14:53,3.27,-0.009999999999999787,8,2617,卖盘
11:14:56,3.28,0.009999999999999787,21,6888,买盘
11:15:09,3.28,0.0,171,56088,买盘
11:15:15,3.27,-0.009999999999999787,26,8503,卖盘
11:15:18,3.27,0.0,2,654,卖盘
11:15:21,3.28,0.009999999999999787,18,5904,买盘
11:15:25,3.28,0.0,3,984,买盘
11:15:28,3.28,0.0,2,656,买盘
11:15:31,3.27,-0.009999999999999787,31,10137,卖盘
11:15:38,3.27,0.0,3,981,卖盘
11:15:41,3.27,0.0,12,3924,卖盘
11:15:44,3.28,0.009999999999999787,7,2296,买盘
11:15:47,3.28,0.0,1,328,买盘
11:15:57,3.27,-0.009999999999999787,98,32046,卖盘
11:16:00,3.27,0.0,1,327,卖盘
11:16:03,3.27,0.0,3,981,卖盘
11:16:12,3.27,0.0,12,3924,卖盘
11:16:15,3.27,0.0,101,33027,卖盘
11:16:18,3.27,0.0,2,654,卖盘
11:16:22,3.27,0.0,6,1962,卖盘
11:16:25,3.28,0.009999999999999787,23,7524,买盘
11:16:28,3.28,0.0,8,2624,买盘
11:16:31,3.28,0.0,5,1640,买盘
11:16:34,3.27,-0.009999999999999787,2180,712860,卖盘
11:16:38,3.27,0.0,116,37931,买盘
11:16:41,3.27,0.0,24,7849,卖盘
11:16:44,3.27,0.0,9,2943,卖盘
11:16:47,3.27,0.0,373,121971,卖盘
11:16:50,3.27,0.0,52,17004,卖盘
11:16:54,3.27,0.0,64,20928,买盘
11:16:57,3.27,0.0,170,55590,买盘
11:17:00,3.28,0.009999999999999787,40,13118,买盘
11:17:06,3.27,-0.009999999999999787,4,1308,卖盘
11:17:09,3.27,0.0,149,48723,卖盘
11:17:12,3.27,0.0,165,53955,买盘
11:17:15,3.27,0.0,74,24198,买盘
11:17:19,3.27,0.0,58,18965,买盘
11:17:22,3.27,0.0,176,57502,买盘
11:17:25,3.27,0.0,95,31065,买盘
11:17:29,3.27,0.0,314,102678,买盘
11:17:32,3.27,0.0,19,6213,买盘
11:17:38,3.27,0.0,1,327,买盘
11:17:44,3.27,0.0,67,21909,买盘
11:17:48,3.26,-0.010000000000000231,20,6520,卖盘
11:17:57,3.27,0.010000000000000231,10,3270,买盘
11:18:03,3.27,0.0,20,6540,买盘
11:18:09,3.26,-0.010000000000000231,20,6520,卖盘
11:18:16,3.27,0.010000000000000231,98,32046,买盘
11:18:19,3.26,-0.010000000000000231,32,10434,卖盘
11:18:22,3.26,0.0,14,4564,卖盘
11:18:26,3.27,0.010000000000000231,12,3914,买盘
11:18:29,3.27,0.0,70,22890,买盘
11:18:32,3.26,-0.010000000000000231,14,4564,卖盘
11:18:35,3.26,0.0,250,81500,卖盘
11:18:38,3.27,0.010000000000000231,2,653,买盘
11:18:41,3.27,0.0,14,4565,买盘
11:18:45,3.26,-0.010000000000000231,22,7172,卖盘
11:18:48,3.26,0.0,162,52812,卖盘
11:18:54,3.26,0.0,1,326,卖盘
11:18:57,3.26,0.0,55,17933,卖盘
11:19:00,3.26,0.0,72,23492,卖盘
11:19:03,3.26,0.0,53,17278,卖盘
11:19:06,3.26,0.0,62,20212,卖盘
11:19:09,3.27,0.010000000000000231,34,11118,买盘
11:19:13,3.26,-0.010000000000000231,124,40438,卖盘
11:19:16,3.26,0.0,100,32600,卖盘
11:19:19,3.26,0.0,2,652,卖盘
11:19:26,3.27,0.010000000000000231,23,7501,买盘
11:19:38,3.26,-0.010000000000000231,376,122577,卖盘
11:19:42,3.26,0.0,1,326,卖盘
11:19:48,3.27,0.010000000000000231,359,117289,买盘
11:19:51,3.26,-0.010000000000000231,4,1304,卖盘
11:19:57,3.26,0.0,20,6520,卖盘
11:20:00,3.26,0.0,137,44662,卖盘
11:20:06,3.26,0.0,27,8802,买盘
11:20:16,3.26,0.0,25,8150,买盘
11:20:19,3.26,0.0,1,326,买盘
11:20:23,3.25,-0.009999999999999787,1,325,卖盘
11:20:26,3.26,0.009999999999999787,193,62906,买盘
11:20:29,3.26,0.0,45,14666,买盘
11:20:35,3.26,0.0,1,326,买盘
11:20:38,3.25,-0.009999999999999787,2,651,卖盘
11:20:42,3.25,0.0,4,1301,卖盘
11:20:45,3.25,0.0,48,15616,卖盘
11:20:48,3.25,0.0,1,325,卖盘
11:20:51,3.25,0.0,51,16575,卖盘
11:20:54,3.25,0.0,10,3250,卖盘
11:20:57,3.26,0.009999999999999787,1,326,买盘
11:21:00,3.26,0.0,6,1953,买盘
11:21:10,3.26,0.0,507,165282,买盘
11:21:13,3.25,-0.009999999999999787,10,3250,卖盘
11:21:16,3.26,0.009999999999999787,68,22168,买盘
11:21:19,3.25,-0.009999999999999787,56,18253,卖盘
11:21:26,3.25,0.0,70,22800,卖盘
11:21:29,3.26,0.009999999999999787,50,16300,买盘
11:21:32,3.25,-0.009999999999999787,55,17922,卖盘
11:21:35,3.25,0.0,60,19500,卖盘
11:21:39,3.26,0.009999999999999787,101,32826,买盘
11:21:48,3.25,-0.009999999999999787,1,325,卖盘
11:21:54,3.25,0.0,55,17875,卖盘
11:21:57,3.25,0.0,17,5525,卖盘
11:22:26,3.26,0.009999999999999787,4,1304,买盘
11:22:39,3.26,0.0,20,6520,买盘
11:22:45,3.25,-0.009999999999999787,8,2600,卖盘
11:23:10,3.25,0.0,79,25675,卖盘
11:23:13,3.25,0.0,39,12684,卖盘
11:23:20,3.25,0.0,31,10075,卖盘
11:23:26,3.26,0.009999999999999787,2,652,买盘
11:23:29,3.25,-0.009999999999999787,10,3250,卖盘
11:23:33,3.26,0.009999999999999787,99,32274,买盘
11:23:48,3.25,-0.009999999999999787,11,3575,卖盘
11:23:51,3.25,0.0,35,11375,卖盘
11:24:11,3.25,0.0,1,325,卖盘
11:24:17,3.25,0.0,7,2275,卖盘
11:24:20,3.25,0.0,1,325,卖盘
11:24:26,3.26,0.009999999999999787,2,652,买盘
11:24:29,3.25,-0.009999999999999787,56,18200,卖盘
11:24:33,3.25,0.0,1,325,卖盘
11:24:36,3.26,0.009999999999999787,22,7172,买盘
11:24:39,3.25,-0.009999999999999787,6,1953,卖盘
11:24:42,3.26,0.009999999999999787,1,326,买盘
11:24:45,3.26,0.0,1,326,买盘
11:24:48,3.25,-0.009999999999999787,11,3580,卖盘
11:25:01,3.26,0.009999999999999787,82,26732,买盘
11:25:17,3.26,0.0,74,24124,买盘
11:25:20,3.25,-0.009999999999999787,1,325,卖盘
11:25:26,3.26,0.009999999999999787,2,652,买盘
11:25:29,3.26,0.0,29,9454,买盘
11:25:36,3.26,0.0,10,3260,买盘
11:25:39,3.26,0.0,118,38468,买盘
11:25:42,3.25,-0.009999999999999787,11,3575,卖盘
11:25:45,3.25,0.0,88,28630,卖盘
11:25:48,3.26,0.009999999999999787,138,44988,买盘
11:25:54,3.26,0.0,8,2608,买盘
11:26:11,3.26,0.0,62,20194,买盘
11:26:14,3.25,-0.009999999999999787,20,6500,卖盘
11:26:17,3.25,0.0,1,325,卖盘
11:26:20,3.26,0.009999999999999787,54,17604,买盘
11:26:26,3.26,0.0,2,652,买盘
11:26:33,3.25,-0.009999999999999787,74,24082,卖盘
11:26:36,3.25,0.0,10,3250,卖盘
11:26:42,3.26,0.009999999999999787,4,1304,买盘
11:26:45,3.25,-0.009999999999999787,13,4225,卖盘
11:26:48,3.25,0.0,300,97500,卖盘
11:26:54,3.25,0.0,39,12675,卖盘
11:26:58,3.25,0.0,13,4225,卖盘
11:27:04,3.26,0.009999999999999787,2240,728010,买盘
11:27:07,3.25,-0.009999999999999787,78,25350,中性盘
11:27:11,3.25,0.0,86,27950,买盘
11:27:14,3.25,0.0,65,21125,买盘
11:27:17,3.25,0.0,4,1300,买盘
11:27:20,3.26,0.009999999999999787,23,7481,买盘
11:27:23,3.25,-0.009999999999999787,7,2276,卖盘
11:27:26,3.26,0.009999999999999787,2,652,买盘
11:27:30,3.25,-0.009999999999999787,92,29970,中性盘
11:27:33,3.25,0.0,442,143264,买盘
11:27:36,3.25,0.0,60,19500,买盘
11:27:39,3.25,0.0,60,19500,买盘
11:27:42,3.25,0.0,67,21775,买盘
11:27:45,3.25,0.0,166,53918,买盘
11:27:48,3.25,0.0,19,6175,买盘
11:27:51,3.25,0.0,26,8450,买盘
11:27:55,3.25,0.0,80,26000,买盘
11:27:58,3.25,0.0,69,22425,买盘
11:28:01,3.25,0.0,14,4550,买盘
11:28:04,3.25,0.0,170,55240,买盘
11:28:08,3.25,0.0,154,50050,买盘
11:28:14,3.25,0.0,10,3250,中性盘
11:28:20,3.26,0.009999999999999787,32,10432,买盘
11:28:27,3.25,-0.009999999999999787,263,85477,卖盘
11:28:30,3.25,0.0,32,10400,买盘
11:28:33,3.25,0.0,139,45043,买盘
11:28:36,3.25,0.0,10,3250,卖盘
11:28:39,3.26,0.009999999999999787,1,326,买盘
11:28:42,3.25,-0.009999999999999787,101,32817,卖盘
11:28:45,3.25,0.0,155,50375,买盘
11:28:48,3.25,0.0,57,18525,买盘
11:29:05,3.25,0.0,10,3250,买盘
11:29:27,3.25,0.0,147,47775,买盘
11:29:30,3.24,-0.009999999999999787,123,39875,卖盘
11:29:33,3.25,0.009999999999999787,1,325,买盘
11:29:39,3.24,-0.009999999999999787,31,10045,卖盘
11:29:42,3.24,0.0,34,11033,卖盘
11:29:58,3.24,0.0,2,648,卖盘
13:00:02,3.25,0.009999999999999787,251,81559,买盘
13:00:05,3.25,0.0,1174,381021,买盘
13:00:08,3.24,-0.009999999999999787,62,20139,卖盘
13:00:11,3.25,0.009999999999999787,24,7779,买盘
13:00:14,3.24,-0.009999999999999787,5,1620,卖盘
13:00:24,3.25,0.009999999999999787,121,39325,买盘
13:00:27,3.25,0.0,32,10400,买盘
13:00:30,3.25,0.0,194,63050,买盘
13:00:33,3.25,0.0,802,260650,买盘
13:00:36,3.25,0.0,48,15600,卖盘
13:00:39,3.26,0.009999999999999787,9,2926,买盘
13:00:42,3.25,-0.009999999999999787,62,20150,卖盘
13:00:46,3.25,0.0,189,61425,卖盘
13:00:49,3.25,0.0,1,325,卖盘
13:00:52,3.26,0.009999999999999787,1,326,买盘
13:00:55,3.25,-0.009999999999999787,148,48115,卖盘
13:01:05,3.26,0.009999999999999787,3,978,买盘
13:01:08,3.25,-0.009999999999999787,27,8775,卖盘
13:01:11,3.25,0.0,121,39325,卖盘
13:01:15,3.25,0.0,65,21125,卖盘
13:01:18,3.25,0.0,68,22124,卖盘
13:01:27,3.26,0.009999999999999787,28,9128,买盘
13:01:30,3.26,0.0,182,59322,买盘
13:01:33,3.26,0.0,62,20212,买盘
13:01:36,3.25,-0.009999999999999787,33,10757,卖盘
13:01:39,3.26,0.009999999999999787,142,46292,买盘
13:01:43,3.26,0.0,79,25754,买盘
13:01:56,3.26,0.0,20,6520,买盘
13:02:02,3.25,-0.009999999999999787,8,2600,卖盘
13:02:27,3.25,0.0,62,20152,卖盘
13:02:30,3.25,0.0,36,11700,卖盘
13:02:36,3.26,0.009999999999999787,2,652,买盘
13:02:43,3.25,-0.009999999999999787,1,325,卖盘
13:02:47,3.25,0.0,1,325,卖盘
13:02:50,3.25,0.0,6,1950,卖盘
13:02:53,3.25,0.0,29,9425,卖盘
13:02:56,3.25,0.0,269,87457,卖盘
13:02:59,3.24,-0.009999999999999787,1192,387337,卖盘
13:03:05,3.25,0.009999999999999787,3,975,买盘
13:03:21,3.24,-0.009999999999999787,7,2269,卖盘
13:03:24,3.25,0.009999999999999787,2,650,买盘
13:03:30,3.25,0.0,3,975,买盘
13:03:37,3.25,0.0,1,325,买盘
13:03:40,3.24,-0.009999999999999787,2403,778572,卖盘
13:03:56,3.24,0.0,61,19749,买盘
13:03:59,3.24,0.0,158,51192,买盘
13:04:03,3.24,0.0,65,21050,买盘
13:04:06,3.24,0.0,78,25272,买盘
13:04:09,3.24,0.0,140,45360,买盘
13:04:11,3.24,0.0,29,9396,买盘
13:04:15,3.24,0.0,79,25596,买盘
13:04:18,3.25,0.009999999999999787,11,3569,买盘
13:04:21,3.24,-0.009999999999999787,4,1296,卖盘
13:04:24,3.24,0.0,42,13608,卖盘
13:04:28,3.24,0.0,14,4541,卖盘
13:04:34,3.24,0.0,2,648,卖盘
13:04:37,3.24,0.0,85,27540,卖盘
13:04:41,3.24,0.0,16,5184,卖盘
13:04:44,3.24,0.0,25,8100,卖盘
13:04:47,3.24,0.0,18,5832,买盘
13:04:53,3.24,0.0,54,17496,中性盘
13:04:56,3.24,0.0,8,2592,中性盘
13:04:59,3.24,0.0,44,14256,卖盘
13:05:03,3.24,0.0,3,972,卖盘
13:05:06,3.24,0.0,12,3888,卖盘
13:05:09,3.24,0.0,34,11016,卖盘
13:05:12,3.24,0.0,9,2916,卖盘
13:05:15,3.24,0.0,19,6156,卖盘
13:05:18,3.24,0.0,60,19440,卖盘
13:05:21,3.24,0.0,73,23652,卖盘
13:05:25,3.25,0.009999999999999787,11,3566,买盘
13:05:31,3.24,-0.009999999999999787,100,32400,卖盘
13:05:34,3.24,0.0,5,1620,卖盘
13:05:38,3.25,0.009999999999999787,1,325,买盘
13:05:41,3.24,-0.009999999999999787,13,4212,卖盘
13:05:44,3.24,0.0,1,324,卖盘
13:05:53,3.24,0.0,2,648,卖盘
13:05:57,3.24,0.0,58,18792,卖盘
13:06:00,3.24,0.0,57,18468,卖盘
13:06:03,3.24,0.0,42,13608,卖盘
13:06:06,3.24,0.0,57,18468,卖盘
13:06:09,3.24,0.0,76,24624,卖盘
13:06:12,3.24,0.0,4,1296,卖盘
13:06:15,3.24,0.0,89,28836,卖盘
13:06:18,3.24,0.0,45,14580,卖盘
13:06:21,3.24,0.0,1,324,买盘
13:06:25,3.24,0.0,1,324,买盘
13:06:28,3.24,0.0,1,324,买盘
13:06:32,3.24,0.0,2,648,买盘
13:06:38,3.24,0.0,1,324,买盘
13:06:41,3.24,0.0,89,28836,买盘
13:06:44,3.24,0.0,2,648,买盘
13:06:57,3.23,-0.010000000000000231,10,3230,卖盘
13:07:09,3.24,0.010000000000000231,34,10986,买盘
13:07:19,3.24,0.0,7,2268,买盘
13:07:25,3.24,0.0,2,648,买盘
13:07:38,3.24,0.0,1,324,买盘
13:07:41,3.23,-0.010000000000000231,389,125647,卖盘
13:07:44,3.23,0.0,1,323,卖盘
13:07:48,3.24,0.010000000000000231,20,6480,买盘
13:07:57,3.24,0.0,3,970,买盘
13:08:06,3.24,0.0,70,22680,买盘
13:08:12,3.24,0.0,6,1944,买盘
13:08:19,3.24,0.0,116,37545,买盘
13:08:22,3.24,0.0,42,13608,买盘
13:08:26,3.24,0.0,52,16848,买盘
13:08:29,3.24,0.0,35,11340,买盘
13:08:32,3.24,0.0,67,21708,买盘
13:08:35,3.24,0.0,1046,338885,买盘
13:08:41,3.24,0.0,1,324,卖盘
13:08:45,3.24,0.0,7,2268,卖盘
13:08:51,3.24,0.0,4,1296,卖盘
13:08:54,3.24,0.0,7,2268,卖盘
13:08:57,3.24,0.0,63,20425,卖盘
13:09:00,3.24,0.0,34,11016,卖盘
13:09:03,3.24,0.0,501,162324,卖盘
13:09:06,3.24,0.0,5,1620,卖盘
13:09:10,3.24,0.0,1,324,卖盘
13:09:13,3.24,0.0,5,1620,卖盘
13:09:16,3.24,0.0,1,324,卖盘
13:09:20,3.24,0.0,6,1944,卖盘
13:09:23,3.24,0.0,3,972,卖盘
13:09:26,3.24,0.0,84,27218,卖盘
13:09:32,3.25,0.009999999999999787,39,12674,买盘
13:09:39,3.25,0.0,1,325,买盘
13:09:51,3.25,0.0,24,7800,买盘
13:09:54,3.25,0.0,83,26975,买盘
13:09:57,3.24,-0.009999999999999787,59,19116,卖盘
13:10:06,3.25,0.009999999999999787,14,4550,买盘
13:10:13,3.25,0.0,1,325,买盘
13:10:20,3.25,0.0,20,6500,买盘
13:10:29,3.24,-0.009999999999999787,49,15876,卖盘
13:10:35,3.25,0.009999999999999787,5,1625,买盘
13:10:39,3.25,0.0,2,650,买盘
13:10:42,3.24,-0.009999999999999787,501,162325,卖盘
13:10:45,3.25,0.009999999999999787,16,5200,买盘
13:10:54,3.24,-0.009999999999999787,228,73872,卖盘
13:10:57,3.25,0.009999999999999787,7,2273,买盘
13:11:00,3.24,-0.009999999999999787,20,6480,卖盘
13:11:03,3.25,0.009999999999999787,71,23053,买盘
13:11:07,3.25,0.0,1,325,买盘
13:11:10,3.24,-0.009999999999999787,10,3240,卖盘
13:11:17,3.24,0.0,5,1621,卖盘
13:11:20,3.25,0.009999999999999787,2,650,买盘
13:11:23,3.25,0.0,40,13000,买盘
13:11:26,3.25,0.0,205,66624,买盘
13:11:29,3.25,0.0,219,71175,买盘
13:11:33,3.25,0.0,89,28925,买盘
13:11:36,3.25,0.0,122,39650,买盘
13:11:39,3.25,0.0,146,47446,买盘
13:11:42,3.25,0.0,33,10725,买盘
13:11:45,3.25,0.0,14,4550,买盘
13:11:48,3.25,0.0,32,10400,买盘
13:11:51,3.25,0.0,397,129025,买盘
13:11:54,3.24,-0.009999999999999787,30,9738,卖盘
13:12:07,3.25,0.009999999999999787,38,12343,买盘
13:12:11,3.25,0.0,12,3897,买盘
13:12:23,3.25,0.0,16,5200,买盘
13:12:26,3.25,0.0,425,137729,买盘
13:12:30,3.24,-0.009999999999999787,10,3240,卖盘
13:12:39,3.25,0.009999999999999787,1,325,买盘
13:12:45,3.25,0.0,6,1950,买盘
13:12:58,3.25,0.0,27,8775,买盘
13:13:04,3.25,0.0,50,16250,买盘
13:13:14,3.24,-0.009999999999999787,30,9720,卖盘
13:13:24,3.24,0.0,130,42120,卖盘
13:13:27,3.25,0.009999999999999787,6,1946,买盘
13:14:02,3.24,-0.009999999999999787,20,6480,卖盘
13:14:05,3.24,0.0,9,2917,卖盘
13:14:14,3.25,0.009999999999999787,3,975,买盘
13:14:17,3.25,0.0,1,325,买盘
13:14:27,3.25,0.0,2,650,买盘
13:14:30,3.25,0.0,5,1625,买盘
13:14:33,3.25,0.0,3,975,买盘
13:14:36,3.25,0.0,7,2275,买盘
13:14:42,3.24,-0.009999999999999787,84,27237,卖盘
13:14:45,3.25,0.009999999999999787,30,9750,买盘
13:14:49,3.24,-0.009999999999999787,1202,389449,卖盘
13:14:52,3.24,0.0,4,1296,卖盘
13:14:59,3.25,0.009999999999999787,31,10075,买盘
13:15:02,3.25,0.0,28,9100,买盘
13:15:05,3.25,0.0,37,12015,买盘
13:15:08,3.25,0.0,36,11682,买盘
13:15:11,3.25,0.0,11,3575,买盘
13:15:14,3.25,0.0,58,18810,买盘
13:15:18,3.24,-0.009999999999999787,85,27570,卖盘
13:15:21,3.24,0.0,11,3564,卖盘
13:15:24,3.24,0.0,33,10692,卖盘
13:15:27,3.25,0.009999999999999787,1,325,买盘
13:15:30,3.25,0.0,8,2600,买盘
13:15:33,3.25,0.0,47,15274,买盘
13:15:36,3.24,-0.009999999999999787,1,324,卖盘
13:15:39,3.24,0.0,1,324,卖盘
13:15:49,3.24,0.0,6,1944,卖盘
13:15:59,3.24,0.0,147,47766,卖盘
13:16:11,3.24,0.0,3,972,卖盘
13:16:15,3.25,0.009999999999999787,26,8448,买盘
13:16:18,3.24,-0.009999999999999787,21,6804,卖盘
13:16:21,3.25,0.009999999999999787,82,26635,买盘
13:16:24,3.25,0.0,8,2600,买盘
13:16:27,3.25,0.0,5,1622,买盘
13:16:33,3.24,-0.009999999999999787,1,324,卖盘
13:16:36,3.25,0.009999999999999787,3,973,买盘
13:16:46,3.25,0.0,10,3250,买盘
13:16:49,3.24,-0.009999999999999787,1,324,卖盘
13:16:52,3.24,0.0,2,648,卖盘
13:16:56,3.25,0.009999999999999787,1,325,买盘
13:16:59,3.25,0.0,28,9100,买盘
13:17:05,3.24,-0.009999999999999787,2,648,卖盘
13:17:08,3.25,0.009999999999999787,23,7474,买盘
13:17:15,3.24,-0.009999999999999787,2,648,卖盘
13:17:21,3.24,0.0,3,972,卖盘
13:17:24,3.25,0.009999999999999787,2,650,买盘
13:17:27,3.25,0.0,2,649,买盘
13:17:30,3.24,-0.009999999999999787,10,3241,卖盘
13:17:43,3.24,0.0,3,972,卖盘
13:17:46,3.24,0.0,2,648,卖盘
13:17:49,3.24,0.0,1,324,卖盘
13:17:53,3.24,0.0,1,324,卖盘
13:17:56,3.24,0.0,2,648,卖盘
13:17:59,3.25,0.009999999999999787,151,49074,买盘
13:18:05,3.24,-0.009999999999999787,25,8100,卖盘
13:18:11,3.24,0.0,113,36612,卖盘
13:18:15,3.24,0.0,6,1944,卖盘
13:18:18,3.24,0.0,3,974,卖盘
13:18:21,3.24,0.0,50,16200,卖盘
13:18:24,3.24,0.0,530,172245,卖盘
13:18:27,3.25,0.009999999999999787,48,15600,买盘
13:18:30,3.25,0.0,8,2600,买盘
13:18:33,3.25,0.0,12,3897,买盘
13:18:36,3.25,0.0,13,4225,买盘
13:18:40,3.25,0.0,25,8125,买盘
13:18:43,3.25,0.0,777,251825,买盘
13:18:46,3.25,0.0,18,5848,买盘
13:18:49,3.25,0.0,19,6174,买盘
13:18:53,3.25,0.0,31,10075,买盘
13:18:56,3.25,0.0,49,15905,买盘
13:19:05,3.24,-0.009999999999999787,3,972,卖盘
13:19:08,3.24,0.0,4,1298,卖盘
13:19:12,3.24,0.0,39,12636,卖盘
13:19:15,3.25,0.009999999999999787,5,1625,买盘
13:19:18,3.24,-0.009999999999999787,2,648,卖盘
13:19:27,3.25,0.009999999999999787,12,3899,买盘
13:19:30,3.24,-0.009999999999999787,172,55728,卖盘
13:19:33,3.24,0.0,26,8434,卖盘
13:19:36,3.24,0.0,53,17172,卖盘
13:19:40,3.24,0.0,221,71604,卖盘
13:19:43,3.24,0.0,63,20412,卖盘
13:19:46,3.24,0.0,27,8748,卖盘
13:19:50,3.25,0.009999999999999787,19,6174,买盘
13:19:53,3.24,-0.009999999999999787,27,8748,卖盘
13:19:56,3.24,0.0,40,12960,卖盘
13:19:59,3.24,0.0,5,1620,卖盘
13:20:05,3.24,0.0,37,11988,卖盘
13:20:09,3.24,0.0,145,46980,卖盘
13:20:12,3.24,0.0,62,20088,卖盘
13:20:15,3.24,0.0,18,5832,卖盘
13:20:18,3.24,0.0,119,38556,卖盘
13:20:21,3.24,0.0,16,5184,卖盘
13:20:24,3.25,0.009999999999999787,44,14257,买盘
13:20:27,3.24,-0.009999999999999787,13,4212,卖盘
13:20:30,3.24,0.0,71,23004,卖盘
13:20:34,3.24,0.0,3,972,卖盘
13:20:37,3.25,0.009999999999999787,1,325,买盘
13:20:40,3.24,-0.009999999999999787,3,972,卖盘
13:20:43,3.24,0.0,7,2268,卖盘
13:20:47,3.24,0.0,2,648,卖盘
13:20:50,3.24,0.0,108,34999,卖盘
13:20:56,3.24,0.0,173,56052,卖盘
13:20:59,3.25,0.009999999999999787,46,14905,买盘
13:21:02,3.24,-0.009999999999999787,196,63504,卖盘
13:21:06,3.24,0.0,21,6804,卖盘
13:21:09,3.24,0.0,12,3888,卖盘
13:21:12,3.24,0.0,2,648,卖盘
13:21:18,3.24,0.0,8,2592,卖盘
13:21:21,3.24,0.0,9,2923,卖盘
13:21:24,3.24,0.0,1,324,卖盘
13:21:31,3.24,0.0,17,5513,卖盘
13:21:34,3.24,0.0,95,30780,卖盘
13:21:37,3.24,0.0,36,11664,卖盘
13:21:40,3.24,0.0,51,16524,卖盘
13:21:44,3.24,0.0,205,66420,卖盘
13:21:47,3.24,0.0,33,10692,买盘
13:21:50,3.24,0.0,304,98494,买盘
13:21:53,3.24,0.0,54,17507,卖盘
13:21:56,3.24,0.0,3,972,卖盘
13:21:59,3.25,0.009999999999999787,29,9415,买盘
13:22:03,3.24,-0.009999999999999787,3,972,卖盘
13:22:06,3.24,0.0,72,23328,卖盘
13:22:09,3.24,0.0,97,31428,卖盘
13:22:12,3.24,0.0,17,5508,卖盘
13:22:15,3.24,0.0,16,5184,卖盘
13:22:18,3.25,0.009999999999999787,35,11370,买盘
13:22:25,3.25,0.0,3,975,买盘
13:22:31,3.24,-0.009999999999999787,6,1944,卖盘
13:22:35,3.24,0.0,4,1296,卖盘
13:22:41,3.24,0.0,13,4212,卖盘
13:22:47,3.24,0.0,146,47310,卖盘
13:22:53,3.24,0.0,1,324,卖盘
13:22:57,3.24,0.0,11,3564,卖盘
13:23:00,3.24,0.0,2,648,卖盘
13:23:03,3.24,0.0,10,3240,卖盘
13:23:09,3.24,0.0,224,72576,卖盘
13:23:15,3.24,0.0,279,90397,卖盘
13:23:18,3.24,0.0,241,78084,买盘
13:23:22,3.24,0.0,14,4536,卖盘
13:23:25,3.24,0.0,45,14581,卖盘
13:23:28,3.24,0.0,51,16524,卖盘
13:23:31,3.24,0.0,20,6480,卖盘
13:23:35,3.24,0.0,12,3898,卖盘
13:23:38,3.24,0.0,200,64800,卖盘
13:23:41,3.24,0.0,76,24624,卖盘
13:23:44,3.24,0.0,1,324,卖盘
13:23:47,3.24,0.0,2,648,卖盘
13:23:57,3.24,0.0,7,2268,卖盘
13:24:00,3.24,0.0,4,1296,卖盘
13:24:06,3.24,0.0,6,1944,卖盘
13:24:09,3.24,0.0,1,324,卖盘
13:24:12,3.25,0.009999999999999787,8,2600,买盘
13:24:15,3.24,-0.009999999999999787,3,972,卖盘
13:24:19,3.25,0.009999999999999787,249,80925,买盘
13:24:22,3.25,0.0,58,18850,买盘
13:24:25,3.25,0.0,27,8773,买盘
13:24:29,3.25,0.0,44,14300,买盘
13:24:32,3.25,0.0,67,21775,买盘
13:24:35,3.25,0.0,66,21448,买盘
13:24:44,3.24,-0.009999999999999787,2,648,卖盘
13:24:57,3.24,0.0,3,972,卖盘
13:25:03,3.25,0.009999999999999787,11,3575,买盘
13:25:06,3.25,0.0,17,5521,买盘
13:25:09,3.25,0.0,21,6825,买盘
13:25:16,3.25,0.0,34,11037,买盘
13:25:19,3.25,0.0,99,32173,买盘
13:25:22,3.25,0.0,9,2925,买盘
13:25:25,3.25,0.0,68,22099,买盘
13:25:29,3.25,0.0,13,4225,买盘
13:25:32,3.25,0.0,21,6823,买盘
13:25:35,3.25,0.0,13,4225,买盘
13:25:38,3.25,0.0,15,4875,买盘
13:25:41,3.24,-0.009999999999999787,18,5849,卖盘
13:25:44,3.25,0.009999999999999787,319,103674,买盘
13:25:48,3.25,0.0,97,31525,买盘
13:25:51,3.24,-0.009999999999999787,50,16248,卖盘
13:25:54,3.25,0.009999999999999787,12,3900,买盘
13:25:57,3.25,0.0,11,3575,买盘
13:26:00,3.24,-0.009999999999999787,1,324,卖盘
13:26:03,3.25,0.009999999999999787,779,253169,买盘
13:26:06,3.25,0.0,282,91650,买盘
13:26:09,3.25,0.0,182,59150,买盘
13:26:12,3.25,0.0,213,69225,买盘
13:26:16,3.25,0.0,69,22424,买盘
13:26:19,3.26,0.009999999999999787,53,17245,买盘
13:26:23,3.25,-0.009999999999999787,6,1950,卖盘
13:26:35,3.25,0.0,1,325,卖盘
13:26:38,3.25,0.0,13,4225,卖盘
13:26:42,3.25,0.0,47,15286,卖盘
13:26:48,3.26,0.009999999999999787,73,23797,买盘
13:26:51,3.25,-0.009999999999999787,121,39325,卖盘
13:26:54,3.25,0.0,1,325,卖盘
13:26:57,3.25,0.0,162,52650,卖盘
13:27:00,3.26,0.009999999999999787,50,16300,买盘
13:27:06,3.25,-0.009999999999999787,1,325,卖盘
13:27:10,3.25,0.0,4,1300,卖盘
13:27:20,3.25,0.0,220,71500,卖盘
13:27:23,3.25,0.0,2,650,卖盘
13:27:26,3.25,0.0,23,7483,卖盘
13:27:29,3.26,0.009999999999999787,60,19560,买盘
13:27:35,3.26,0.0,56,18256,买盘
13:27:39,3.26,0.0,44,14342,买盘
13:27:42,3.26,0.0,64,20864,买盘
13:27:45,3.25,-0.009999999999999787,1,325,卖盘
13:27:48,3.26,0.009999999999999787,35,11410,买盘
13:27:51,3.25,-0.009999999999999787,2,650,卖盘
13:27:54,3.26,0.009999999999999787,5,1630,买盘
13:28:00,3.25,-0.009999999999999787,3,975,卖盘
13:28:07,3.25,0.0,1,325,卖盘
13:28:13,3.25,0.0,502,163150,卖盘
13:28:17,3.25,0.0,14,4550,卖盘
13:28:20,3.26,0.009999999999999787,11,3586,买盘
13:28:26,3.25,-0.009999999999999787,2,650,卖盘
13:28:33,3.26,0.009999999999999787,10,3260,买盘
13:28:36,3.26,0.0,81,26403,买盘
13:28:39,3.25,-0.009999999999999787,2,650,卖盘
13:28:45,3.26,0.009999999999999787,126,41036,买盘
13:28:48,3.26,0.0,6,1953,买盘
13:28:51,3.26,0.0,11,3585,买盘
13:28:54,3.26,0.0,12,3912,买盘
13:28:58,3.26,0.0,12,3912,买盘
13:29:01,3.26,0.0,29,9452,买盘
13:29:04,3.26,0.0,8,2608,买盘
13:29:08,3.26,0.0,22,7171,买盘
13:29:11,3.26,0.0,20,6519,买盘
13:29:14,3.25,-0.009999999999999787,2,650,卖盘
13:29:17,3.26,0.009999999999999787,77,25102,买盘
13:29:23,3.26,0.0,40,13039,买盘
13:29:27,3.26,0.0,13,4238,买盘
13:29:30,3.26,0.0,15,4890,买盘
13:29:33,3.25,-0.009999999999999787,2,650,卖盘
13:29:36,3.26,0.009999999999999787,22,7162,买盘
13:29:39,3.25,-0.009999999999999787,20,6500,卖盘
13:29:52,3.26,0.009999999999999787,230,74980,买盘
13:29:58,3.26,0.0,67,21780,买盘
13:30:01,3.25,-0.009999999999999787,4,1300,卖盘
13:30:05,3.25,0.0,14,4563,卖盘
13:30:08,3.25,0.0,20,6500,卖盘
13:30:14,3.25,0.0,8,2600,卖盘
13:30:17,3.25,0.0,1,325,卖盘
13:30:20,3.26,0.009999999999999787,40,13040,买盘
13:30:24,3.25,-0.009999999999999787,253,82225,卖盘
13:30:27,3.26,0.009999999999999787,168,54767,买盘
13:30:30,3.25,-0.009999999999999787,40,13000,卖盘
13:30:33,3.26,0.009999999999999787,36,11736,买盘
13:30:52,3.25,-0.009999999999999787,75,24375,卖盘
13:30:58,3.25,0.0,3,975,卖盘
13:31:05,3.25,0.0,9,2925,卖盘
13:31:08,3.25,0.0,1,325,卖盘
13:31:11,3.25,0.0,53,17275,卖盘
13:31:14,3.25,0.0,8,2600,卖盘
13:31:18,3.25,0.0,1,325,卖盘
13:31:27,3.25,0.0,10,3250,卖盘
13:31:30,3.25,0.0,2,650,卖盘
13:31:33,3.26,0.009999999999999787,16,5216,买盘
13:31:36,3.25,-0.009999999999999787,66,21450,卖盘
13:31:49,3.25,0.0,10,3250,卖盘
13:31:55,3.25,0.0,32,10409,卖盘
13:31:59,3.26,0.009999999999999787,38,12368,买盘
13:32:02,3.26,0.0,39,12684,买盘
13:32:05,3.25,-0.009999999999999787,156,50706,卖盘
13:32:11,3.26,0.009999999999999787,19,6194,买盘
13:32:14,3.26,0.0,6,1956,买盘
13:32:18,3.26,0.0,14,4564,买盘
13:32:21,3.25,-0.009999999999999787,24,7815,卖盘
13:32:24,3.26,0.009999999999999787,21,6846,买盘
13:32:27,3.26,0.0,18,5868,买盘
13:32:30,3.25,-0.009999999999999787,11,3576,卖盘
13:32:33,3.25,0.0,23,7475,卖盘
13:32:36,3.25,0.0,23,7475,卖盘
13:32:46,3.26,0.009999999999999787,30,9780,买盘
13:32:49,3.26,0.0,42,13692,买盘
13:32:52,3.26,0.0,33,10756,买盘
13:32:56,3.25,-0.009999999999999787,59,19175,卖盘
13:32:59,3.26,0.009999999999999787,15,4890,买盘
13:33:02,3.26,0.0,460,149960,买盘
13:33:05,3.26,0.0,4,1304,买盘
13:33:08,3.26,0.0,506,164926,买盘
13:33:11,3.26,0.0,51,16626,买盘
13:33:18,3.26,0.0,26,8476,买盘
13:33:21,3.25,-0.009999999999999787,473,154185,卖盘
13:33:24,3.26,0.009999999999999787,2,652,买盘
13:33:27,3.26,0.0,57,18582,买盘
13:33:37,3.26,0.0,1,326,买盘
13:33:46,3.26,0.0,51,16626,买盘
13:33:53,3.26,0.0,8,2608,买盘
13:33:59,3.25,-0.009999999999999787,30,9779,卖盘
13:34:02,3.26,0.009999999999999787,74,24124,买盘
13:34:06,3.26,0.0,42,13692,买盘
13:34:09,3.25,-0.009999999999999787,13,4225,卖盘
13:34:12,3.26,0.009999999999999787,1016,331206,买盘
13:34:15,3.26,0.0,304,99104,买盘
13:34:18,3.26,0.0,630,205380,买盘
13:34:21,3.27,0.010000000000000231,75,24485,买盘
13:34:24,3.27,0.0,1,327,买盘
13:34:30,3.26,-0.010000000000000231,30,9780,卖盘
13:34:44,3.27,0.010000000000000231,2,654,买盘
13:34:59,3.27,0.0,12,3924,买盘
13:35:03,3.27,0.0,4,1308,买盘
13:35:06,3.26,-0.010000000000000231,11,3594,卖盘
13:35:09,3.26,0.0,4,1304,卖盘
13:35:12,3.27,0.010000000000000231,12,3924,买盘
13:35:18,3.27,0.0,3,981,买盘
13:35:27,3.27,0.0,419,136996,买盘
13:35:31,3.27,0.0,39,12752,买盘
13:35:34,3.27,0.0,36,11772,买盘
13:35:37,3.27,0.0,18,5886,买盘
13:35:41,3.27,0.0,27,8829,买盘
13:35:44,3.27,0.0,51,16657,买盘
13:35:47,3.27,0.0,36,11772,买盘
13:35:50,3.27,0.0,90,29430,买盘
13:35:53,3.27,0.0,42,13703,买盘
13:35:56,3.27,0.0,45,14715,买盘
13:36:00,3.26,-0.010000000000000231,3,978,卖盘
13:36:03,3.26,0.0,3,978,卖盘
13:36:06,3.26,0.0,2,652,卖盘
13:36:09,3.26,0.0,183,59658,卖盘
13:36:12,3.26,0.0,55,17930,卖盘
13:36:15,3.27,0.010000000000000231,9,2943,买盘
13:36:18,3.26,-0.010000000000000231,115,37490,卖盘
13:36:25,3.27,0.010000000000000231,36,11767,买盘
13:36:31,3.27,0.0,402,131454,买盘
13:36:35,3.27,0.0,1,327,买盘
13:36:44,3.27,0.0,66,21532,买盘
13:36:47,3.26,-0.010000000000000231,6,1957,卖盘
13:36:50,3.26,0.0,1,326,卖盘
13:36:54,3.27,0.010000000000000231,2,653,买盘
13:37:03,3.27,0.0,1,327,买盘
13:37:09,3.27,0.0,28,9148,买盘
13:37:15,3.26,-0.010000000000000231,1,326,卖盘
13:37:18,3.27,0.010000000000000231,1,327,买盘
13:37:25,3.27,0.0,9,2943,买盘
13:37:28,3.27,0.0,1,327,买盘
13:37:38,3.27,0.0,4,1308,买盘
13:37:47,3.27,0.0,1,327,买盘
13:37:51,3.27,0.0,11,3597,买盘
13:37:57,3.27,0.0,75,24451,买盘
13:38:00,3.26,-0.010000000000000231,202,66052,卖盘
13:38:03,3.27,0.010000000000000231,25,8175,买盘
13:38:06,3.27,0.0,5,1635,买盘
13:38:12,3.27,0.0,1,327,买盘
13:38:16,3.27,0.0,95,31055,买盘
13:38:19,3.27,0.0,23,7521,买盘
13:38:22,3.27,0.0,56,18310,买盘
13:38:25,3.27,0.0,251,82077,买盘
13:38:29,3.27,0.0,20,6535,买盘
13:38:32,3.27,0.0,91,29757,买盘
13:38:35,3.27,0.0,129,42183,买盘
13:38:38,3.27,0.0,49,16023,买盘
13:38:41,3.27,0.0,125,40854,买盘
13:38:44,3.27,0.0,3,981,买盘
13:38:48,3.26,-0.010000000000000231,50,16304,卖盘
13:38:51,3.27,0.010000000000000231,96,31392,买盘
13:38:54,3.27,0.0,30,9810,买盘
13:38:57,3.27,0.0,11,3597,买盘
13:39:00,3.27,0.0,34,11085,买盘
13:39:03,3.27,0.0,12,3924,买盘
13:39:06,3.26,-0.010000000000000231,19,6212,卖盘
13:39:09,3.26,0.0,20,6533,卖盘
13:39:16,3.26,0.0,29,9465,卖盘
13:39:19,3.27,0.010000000000000231,9,2943,买盘
13:39:26,3.27,0.0,1,327,买盘
13:39:32,3.27,0.0,124,40548,买盘
13:39:35,3.26,-0.010000000000000231,9,2936,卖盘
13:39:45,3.27,0.010000000000000231,9,2935,买盘
13:39:48,3.26,-0.010000000000000231,166,54274,卖盘
13:39:51,3.27,0.010000000000000231,831,271679,买盘
13:39:54,3.27,0.0,14,4578,买盘
13:39:57,3.27,0.0,337,110199,买盘
13:40:00,3.27,0.0,67,21905,买盘
13:40:03,3.27,0.0,295,96213,买盘
13:40:06,3.27,0.0,50,16343,买盘
13:40:09,3.26,-0.010000000000000231,38,12402,卖盘
13:40:13,3.26,0.0,40,13070,卖盘
13:40:16,3.27,0.010000000000000231,54,17611,买盘
13:40:19,3.26,-0.010000000000000231,2,653,卖盘
13:40:23,3.26,0.0,20,6520,卖盘
13:40:26,3.26,0.0,83,27099,卖盘
13:40:29,3.26,0.0,480,156481,卖盘
13:40:32,3.26,0.0,56,18256,卖盘
13:40:39,3.27,0.010000000000000231,2,654,买盘
13:40:42,3.26,-0.010000000000000231,205,66830,卖盘
13:40:45,3.26,0.0,6,1956,卖盘
13:40:48,3.26,0.0,6,1957,卖盘
13:40:51,3.26,0.0,13,4238,卖盘
13:40:54,3.27,0.010000000000000231,87,28363,买盘
13:40:57,3.26,-0.010000000000000231,74,24138,卖盘
13:41:00,3.26,0.0,15,4890,卖盘
13:41:03,3.26,0.0,26,8477,卖盘
13:41:07,3.26,0.0,13,4238,卖盘
13:41:13,3.27,0.010000000000000231,1,327,买盘
13:41:17,3.27,0.0,16,5232,买盘
13:41:20,3.27,0.0,3,981,买盘
13:41:23,3.26,-0.010000000000000231,2,653,卖盘
13:41:32,3.27,0.010000000000000231,1,327,买盘
13:41:36,3.27,0.0,11,3596,买盘
13:41:39,3.27,0.0,32,10464,买盘
13:41:42,3.27,0.0,63,20570,买盘
13:41:45,3.27,0.0,10,3270,买盘
13:41:48,3.27,0.0,35,11427,买盘
13:41:51,3.27,0.0,41,13407,买盘
13:41:54,3.27,0.0,29,9483,买盘
13:41:57,3.26,-0.010000000000000231,18,5877,卖盘
13:42:04,3.27,0.010000000000000231,30,9810,买盘
13:42:07,3.27,0.0,1,327,买盘
13:42:10,3.27,0.0,169,55095,买盘
13:42:17,3.26,-0.010000000000000231,104,33939,卖盘
13:42:26,3.27,0.010000000000000231,2,653,买盘
13:42:29,3.26,-0.010000000000000231,1,326,卖盘
13:42:33,3.27,0.010000000000000231,19,6213,买盘
13:42:36,3.26,-0.010000000000000231,5,1631,卖盘
13:42:39,3.26,0.0,2,652,卖盘
13:42:42,3.26,0.0,2,652,卖盘
13:42:45,3.26,0.0,31,10107,卖盘
13:42:48,3.27,0.010000000000000231,101,33026,买盘
13:42:51,3.27,0.0,9,2943,买盘
13:42:54,3.27,0.0,22,7194,买盘
13:43:01,3.26,-0.010000000000000231,11,3587,卖盘
13:43:04,3.26,0.0,6,1961,卖盘
13:43:07,3.26,0.0,207,67582,卖盘
13:43:11,3.27,0.010000000000000231,31,10137,买盘
13:43:17,3.26,-0.010000000000000231,12,3914,卖盘
13:43:20,3.27,0.010000000000000231,1,327,买盘
13:43:27,3.27,0.0,66,21517,买盘
13:43:36,3.27,0.0,1,327,买盘
13:43:42,3.27,0.0,2,654,买盘
13:43:48,3.26,-0.010000000000000231,10,3260,卖盘
13:43:52,3.27,0.010000000000000231,1,327,买盘
13:44:02,3.27,0.0,1,327,买盘
13:44:11,3.26,-0.010000000000000231,59,19235,卖盘
13:44:14,3.26,0.0,4,1304,卖盘
13:44:17,3.27,0.010000000000000231,1687,551648,买盘
13:44:21,3.27,0.0,1,327,买盘
13:44:24,3.27,0.0,72,23544,买盘
13:44:27,3.26,-0.010000000000000231,42,13693,卖盘
13:44:30,3.27,0.010000000000000231,31,10107,买盘
13:44:33,3.26,-0.010000000000000231,130,42380,卖盘
13:44:36,3.27,0.010000000000000231,13,4239,买盘
13:44:46,3.27,0.0,1,327,买盘
13:44:52,3.27,0.0,153,49879,买盘
13:44:55,3.27,0.0,31,10137,买盘
13:44:59,3.27,0.0,45,14674,买盘
13:45:02,3.27,0.0,4,1308,买盘
13:45:05,3.26,-0.010000000000000231,26,8479,卖盘
13:45:08,3.27,0.010000000000000231,6,1962,买盘
13:45:11,3.27,0.0,15,4892,买盘
13:45:14,3.27,0.0,1,327,买盘
13:45:18,3.26,-0.010000000000000231,19,6194,卖盘
13:45:21,3.26,0.0,17,5542,卖盘
13:45:24,3.27,0.010000000000000231,17,5543,买盘
13:45:27,3.26,-0.010000000000000231,1,326,卖盘
13:45:30,3.26,0.0,9,2934,卖盘
13:45:33,3.27,0.010000000000000231,8,2610,买盘
13:45:36,3.26,-0.010000000000000231,3,978,卖盘
13:45:39,3.26,0.0,12,3913,卖盘
13:45:43,3.26,0.0,1,326,卖盘
13:45:46,3.27,0.010000000000000231,19,6213,买盘
13:45:49,3.27,0.0,1,327,买盘
13:45:52,3.26,-0.010000000000000231,3,978,卖盘
13:45:56,3.26,0.0,3,978,卖盘
13:45:59,3.27,0.010000000000000231,3,979,买盘
13:46:02,3.26,-0.010000000000000231,19,6195,卖盘
13:46:05,3.26,0.0,4,1304,卖盘
13:46:08,3.26,0.0,37,12063,卖盘
13:46:15,3.26,0.0,1,326,卖盘
13:46:18,3.26,0.0,14,4565,卖盘
13:46:21,3.26,0.0,1,326,卖盘
13:46:24,3.27,0.010000000000000231,3,980,买盘
13:46:27,3.27,0.0,1,327,买盘
13:46:30,3.27,0.0,23,7521,买盘
13:46:33,3.27,0.0,38,12390,买盘
13:46:40,3.26,-0.010000000000000231,70,22860,卖盘
13:46:43,3.26,0.0,6,1956,卖盘
13:46:53,3.27,0.010000000000000231,102,33352,买盘
13:46:56,3.26,-0.010000000000000231,1,326,卖盘
13:46:59,3.26,0.0,70,22820,卖盘
13:47:02,3.27,0.010000000000000231,1,327,买盘
13:47:05,3.26,-0.010000000000000231,11,3596,卖盘
13:47:08,3.26,0.0,5,1630,卖盘
13:47:12,3.26,0.0,25,8174,卖盘
13:47:18,3.27,0.010000000000000231,6,1961,买盘
13:47:21,3.27,0.0,26,8502,买盘
13:47:24,3.27,0.0,7,2289,买盘
13:47:27,3.27,0.0,144,47078,买盘
13:47:30,3.27,0.0,2,654,买盘
13:47:43,3.26,-0.010000000000000231,3,978,卖盘
13:47:46,3.26,0.0,1,326,卖盘
13:47:56,3.26,0.0,1,326,卖盘
13:47:59,3.26,0.0,1,326,卖盘
13:48:02,3.27,0.010000000000000231,56,18312,买盘
13:48:05,3.26,-0.010000000000000231,48,15679,卖盘
13:48:09,3.26,0.0,73,23849,卖盘
13:48:12,3.26,0.0,83,27066,卖盘
13:48:15,3.26,0.0,28,9128,卖盘
13:48:18,3.26,0.0,1129,368054,卖盘
13:48:21,3.26,0.0,168,54777,卖盘
13:48:24,3.26,0.0,4,1304,卖盘
13:48:30,3.27,0.010000000000000231,142,46434,买盘
13:48:33,3.26,-0.010000000000000231,100,32600,卖盘
13:48:37,3.26,0.0,14,4572,卖盘
13:48:40,3.26,0.0,3,978,卖盘
13:48:43,3.26,0.0,62,20212,卖盘
13:48:50,3.27,0.010000000000000231,70,22840,买盘
13:48:56,3.26,-0.010000000000000231,2,652,卖盘
13:48:59,3.26,0.0,1,326,卖盘
13:49:03,3.26,0.0,13,4238,卖盘
13:49:06,3.26,0.0,118,38568,卖盘
13:49:09,3.27,0.010000000000000231,8,2616,买盘
13:49:12,3.26,-0.010000000000000231,6,1956,卖盘
13:49:15,3.26,0.0,4,1304,卖盘
13:49:18,3.26,0.0,9,2934,卖盘
13:49:21,3.27,0.010000000000000231,9,2942,买盘
13:49:24,3.26,-0.010000000000000231,6,1956,卖盘
13:49:27,3.26,0.0,1,326,卖盘
13:49:31,3.26,0.0,1,326,卖盘
13:49:34,3.26,0.0,32,10460,卖盘
13:49:37,3.26,0.0,834,271684,卖盘
13:49:41,3.26,0.0,5,1630,买盘
13:49:44,3.26,0.0,14,4564,买盘
13:49:47,3.26,0.0,2,652,买盘
13:49:50,3.26,0.0,32,10432,买盘
13:49:53,3.26,0.0,1,326,买盘
13:50:03,3.26,0.0,3,978,买盘
13:50:06,3.25,-0.009999999999999787,11,3575,卖盘
13:50:12,3.25,0.0,17,5541,卖盘
13:50:15,3.25,0.0,97,31602,卖盘
13:50:18,3.25,0.0,5,1625,卖盘
13:50:21,3.25,0.0,48,15608,卖盘
13:50:24,3.25,0.0,65,21156,卖盘
13:50:28,3.25,0.0,260,84500,卖盘
13:50:31,3.25,0.0,9,2925,卖盘
13:50:38,3.25,0.0,13,4233,卖盘
13:50:44,3.25,0.0,2,650,卖盘
13:50:47,3.25,0.0,5,1625,卖盘
13:50:53,3.26,0.009999999999999787,8,2608,买盘
13:50:57,3.26,0.0,5,1630,买盘
13:51:06,3.25,-0.009999999999999787,9,2933,卖盘
13:51:09,3.25,0.0,21,6825,卖盘
13:51:12,3.26,0.009999999999999787,38,12351,买盘
13:51:15,3.26,0.0,8,2608,买盘
13:51:32,3.26,0.0,8,2608,买盘
13:51:38,3.25,-0.009999999999999787,208,67605,卖盘
13:51:41,3.26,0.009999999999999787,1,326,买盘
13:51:44,3.26,0.0,101,32926,买盘
13:51:47,3.26,0.0,8,2608,买盘
13:51:54,3.26,0.0,1,326,买盘
13:52:06,3.25,-0.009999999999999787,105,34133,卖盘
13:52:09,3.25,0.0,1,325,卖盘
13:52:16,3.26,0.009999999999999787,1,326,买盘
13:52:19,3.26,0.0,12,3912,买盘
13:52:25,3.25,-0.009999999999999787,5,1625,卖盘
13:52:32,3.26,0.009999999999999787,6,1951,买盘
13:52:35,3.25,-0.009999999999999787,78,25350,卖盘
13:52:38,3.26,0.009999999999999787,10,3260,买盘
13:52:41,3.26,0.0,110,35860,买盘
13:52:48,3.26,0.0,1,326,买盘
13:52:54,3.25,-0.009999999999999787,26,8450,卖盘
13:52:57,3.25,0.0,10,3258,卖盘
13:53:00,3.25,0.0,33,10725,卖盘
13:53:03,3.26,0.009999999999999787,4,1302,买盘
13:53:13,3.26,0.0,1,326,买盘
13:53:19,3.26,0.0,1,326,买盘
13:53:38,3.25,-0.009999999999999787,7,2275,卖盘
13:53:42,3.26,0.009999999999999787,1,326,买盘
13:53:51,3.26,0.0,41,13366,买盘
13:54:00,3.26,0.0,28,9128,买盘
13:54:06,3.26,0.0,1,326,买盘
13:54:16,3.26,0.0,14,4564,买盘
13:54:20,3.26,0.0,415,134999,买盘
13:54:23,3.26,0.0,33,10758,买盘
13:54:42,3.26,0.0,177,57702,买盘
13:54:45,3.26,0.0,1,326,买盘
13:54:51,3.26,0.0,13,4238,买盘
13:54:54,3.25,-0.009999999999999787,1,325,卖盘
13:55:03,3.26,0.009999999999999787,1609,524530,买盘
13:55:06,3.26,0.0,11,3586,买盘
13:55:10,3.25,-0.009999999999999787,25,8130,卖盘
13:55:17,3.26,0.009999999999999787,87,28312,买盘
13:55:20,3.26,0.0,184,59894,买盘
13:55:23,3.25,-0.009999999999999787,29,9447,卖盘
13:55:26,3.26,0.009999999999999787,48,15648,买盘
13:55:32,3.26,0.0,47,15302,买盘
13:55:35,3.26,0.0,2,652,买盘
13:55:42,3.26,0.0,30,9780,买盘
13:55:45,3.26,0.0,33,10758,买盘
13:55:48,3.26,0.0,10,3260,买盘
13:55:51,3.26,0.0,13,4238,买盘
13:56:00,3.26,0.0,1,326,买盘
13:56:03,3.25,-0.009999999999999787,304,98800,卖盘
13:56:07,3.26,0.009999999999999787,1,326,买盘
13:56:20,3.26,0.0,9,2934,买盘
13:56:23,3.26,0.0,8,2608,买盘
13:56:26,3.25,-0.009999999999999787,1,325,卖盘
13:56:29,3.26,0.009999999999999787,100,32600,买盘
13:56:42,3.26,0.0,9,2934,买盘
13:56:45,3.26,0.0,30,9780,买盘
13:56:51,3.26,0.0,52,16952,买盘
13:56:57,3.26,0.0,30,9780,买盘
13:57:04,3.25,-0.009999999999999787,8,2600,卖盘
13:57:07,3.26,0.009999999999999787,14,4559,买盘
13:57:10,3.26,0.0,2,652,买盘
13:57:14,3.26,0.0,10,3260,买盘
13:57:17,3.25,-0.009999999999999787,65,21131,卖盘
13:57:20,3.26,0.009999999999999787,132,42908,买盘
13:57:23,3.26,0.0,400,130400,买盘
13:57:29,3.26,0.0,58,18858,买盘
13:57:33,3.26,0.0,1,326,买盘
13:57:36,3.25,-0.009999999999999787,303,98483,卖盘
13:57:39,3.25,0.0,10,3250,卖盘
13:57:45,3.26,0.009999999999999787,15,4888,买盘
13:57:54,3.26,0.0,27,8802,买盘
13:57:58,3.26,0.0,61,19886,买盘
13:58:01,3.26,0.0,7,2282,买盘
13:58:04,3.25,-0.009999999999999787,40,13038,卖盘
13:58:11,3.26,0.009999999999999787,3,978,买盘
13:58:17,3.26,0.0,13,4238,买盘
13:58:20,3.26,0.0,12,3912,买盘
13:58:23,3.26,0.0,4,1304,买盘
13:58:27,3.26,0.0,4,1304,买盘
13:58:30,3.26,0.0,6,1956,买盘
13:58:33,3.26,0.0,13,4238,买盘
13:58:36,3.26,0.0,62,20212,买盘
13:58:39,3.26,0.0,5,1630,买盘
13:58:42,3.26,0.0,13,4238,买盘
13:58:45,3.26,0.0,197,64117,买盘
13:58:58,3.26,0.0,8,2608,买盘
13:59:08,3.26,0.0,5,1630,买盘
13:59:14,3.26,0.0,8,2608,买盘
13:59:17,3.26,0.0,1,326,买盘
13:59:20,3.26,0.0,10,3260,买盘
13:59:23,3.25,-0.009999999999999787,100,32500,卖盘
13:59:27,3.26,0.009999999999999787,6,1956,买盘
13:59:30,3.26,0.0,8,2608,买盘
13:59:33,3.26,0.0,4,1304,买盘
13:59:36,3.25,-0.009999999999999787,2,651,卖盘
13:59:39,3.25,0.0,12,3900,卖盘
13:59:42,3.26,0.009999999999999787,18,5866,买盘
13:59:48,3.25,-0.009999999999999787,4,1302,卖盘
13:59:51,3.26,0.009999999999999787,30,9780,买盘
13:59:55,3.26,0.0,8,2608,买盘
14:00:01,3.26,0.0,15,4890,买盘
14:00:05,3.25,-0.009999999999999787,100,32500,卖盘
14:00:08,3.25,0.0,7,2275,卖盘
14:00:11,3.26,0.009999999999999787,8,2608,买盘
14:00:17,3.26,0.0,25,8150,买盘
14:00:24,3.26,0.0,10,3260,买盘
14:00:27,3.26,0.0,23,7498,买盘
14:00:30,3.25,-0.009999999999999787,20,6519,卖盘
14:00:39,3.26,0.009999999999999787,12,3912,买盘
14:00:42,3.26,0.0,5,1630,买盘
14:00:45,3.25,-0.009999999999999787,37,12025,卖盘
14:00:49,3.26,0.009999999999999787,20,6520,买盘
14:01:05,3.25,-0.009999999999999787,10,3258,卖盘
14:01:08,3.25,0.0,30,9750,卖盘
14:01:14,3.25,0.0,1,325,卖盘
14:01:24,3.26,0.009999999999999787,2,652,买盘
14:01:30,3.26,0.0,6,1956,买盘
14:01:36,3.25,-0.009999999999999787,13,4235,卖盘
14:01:39,3.25,0.0,13,4225,卖盘
14:01:42,3.25,0.0,14,4550,卖盘
14:01:45,3.26,0.009999999999999787,14,4562,买盘
14:01:49,3.26,0.0,12,3912,买盘
14:01:52,3.25,-0.009999999999999787,55,17875,卖盘
14:01:56,3.25,0.0,6,1950,卖盘
14:02:05,3.25,0.0,11,3585,卖盘
14:02:08,3.26,0.009999999999999787,178,57928,买盘
14:02:11,3.25,-0.009999999999999787,22,7150,卖盘
14:02:15,3.25,0.0,30,9769,卖盘
14:02:18,3.25,0.0,1,325,卖盘
14:02:21,3.25,0.0,12,3900,卖盘
14:02:24,3.25,0.0,7,2275,卖盘
14:02:27,3.25,0.0,5,1625,卖盘
14:02:30,3.25,0.0,49,15925,卖盘
14:02:33,3.25,0.0,46,14950,卖盘
14:02:36,3.25,0.0,8,2600,卖盘
14:02:39,3.25,0.0,6,1950,卖盘
14:02:43,3.25,0.0,144,46800,卖盘
14:02:46,3.25,0.0,145,47125,卖盘
14:02:49,3.25,0.0,1134,368550,卖盘
14:02:53,3.25,0.0,60,19500,卖盘
14:02:56,3.25,0.0,1137,369525,卖盘
14:02:59,3.25,0.0,1567,509275,卖盘
14:03:02,3.24,-0.009999999999999787,6,1948,卖盘
14:03:05,3.25,0.009999999999999787,2,650,买盘
14:03:08,3.25,0.0,15,4875,买盘
14:03:12,3.25,0.0,279,90675,买盘
14:03:15,3.25,0.0,14,4545,买盘
14:03:21,3.25,0.0,13,4225,买盘
14:03:24,3.25,0.0,3,975,买盘
14:03:27,3.24,-0.009999999999999787,37,11993,卖盘
14:03:30,3.24,0.0,1,324,卖盘
14:03:33,3.25,0.009999999999999787,179,58135,买盘
14:03:36,3.25,0.0,92,29900,卖盘
14:03:40,3.25,0.0,41,13325,卖盘
14:03:43,3.24,-0.009999999999999787,34,11020,卖盘
14:03:53,3.25,0.009999999999999787,12,3900,买盘
14:03:56,3.25,0.0,1289,417941,卖盘
14:03:59,3.25,0.0,131,42575,卖盘
14:04:02,3.25,0.0,13,4225,卖盘
14:04:05,3.25,0.0,6,1950,卖盘
14:04:09,3.25,0.0,33,10725,卖盘
14:04:12,3.25,0.0,5,1625,卖盘
14:04:15,3.25,0.0,14,4550,卖盘
14:04:18,3.25,0.0,43,13975,卖盘
14:04:24,3.25,0.0,42,13650,卖盘
14:04:30,3.25,0.0,22,7150,卖盘
14:04:33,3.25,0.0,43,13975,卖盘
14:04:37,3.26,0.009999999999999787,60,19560,买盘
14:04:40,3.25,-0.009999999999999787,145,47125,卖盘
14:04:44,3.25,0.0,1,325,卖盘
14:04:47,3.26,0.009999999999999787,1,326,买盘
14:04:59,3.26,0.0,1,326,买盘
14:05:02,3.25,-0.009999999999999787,110,35750,卖盘
14:05:06,3.25,0.0,1,325,卖盘
14:05:18,3.26,0.009999999999999787,14,4563,买盘
14:05:21,3.25,-0.009999999999999787,34,11050,卖盘
14:05:24,3.26,0.009999999999999787,8,2601,买盘
14:05:28,3.25,-0.009999999999999787,3,975,卖盘
14:05:53,3.25,0.0,8,2600,卖盘
14:05:56,3.25,0.0,2,650,卖盘
14:06:00,3.25,0.0,1,325,卖盘
14:06:03,3.26,0.009999999999999787,14,4564,买盘
14:06:06,3.25,-0.009999999999999787,1,325,卖盘
14:06:09,3.25,0.0,30,9758,卖盘
14:06:21,3.25,0.0,2,650,卖盘
14:06:24,3.25,0.0,28,9100,卖盘
14:06:28,3.25,0.0,4,1300,卖盘
14:06:34,3.25,0.0,1,325,卖盘
14:06:41,3.25,0.0,1,325,卖盘
14:06:44,3.25,0.0,22,7162,卖盘
14:06:57,3.26,0.009999999999999787,10,3260,买盘
14:07:00,3.26,0.0,11,3586,买盘
14:07:09,3.25,-0.009999999999999787,6,1955,卖盘
14:07:15,3.25,0.0,19,6175,卖盘
14:07:22,3.25,0.0,35,11375,卖盘
14:07:24,3.25,0.0,47,15287,卖盘
14:07:28,3.25,0.0,10,3250,卖盘
14:07:32,3.25,0.0,101,32825,卖盘
14:07:38,3.25,0.0,2,650,卖盘
14:07:41,3.25,0.0,100,32574,卖盘
14:07:51,3.26,0.009999999999999787,14,4563,买盘
14:07:54,3.25,-0.009999999999999787,89,28925,卖盘
14:08:00,3.26,0.009999999999999787,25,8150,买盘
14:08:03,3.25,-0.009999999999999787,28,9100,卖盘
14:08:06,3.26,0.009999999999999787,36,11726,买盘
14:08:09,3.25,-0.009999999999999787,330,107250,卖盘
14:08:19,3.26,0.009999999999999787,5,1629,买盘
14:08:25,3.25,-0.009999999999999787,100,32500,卖盘
14:08:35,3.25,0.0,51,16576,卖盘
14:08:38,3.25,0.0,31,10075,卖盘
14:08:41,3.25,0.0,15,4875,卖盘
14:08:48,3.25,0.0,36,11700,卖盘
14:08:51,3.26,0.009999999999999787,13,4237,买盘
14:08:54,3.25,-0.009999999999999787,15,4875,卖盘
14:09:06,3.25,0.0,3,975,卖盘
14:09:12,3.25,0.0,1,325,卖盘
14:09:19,3.25,0.0,12,3902,卖盘
14:09:26,3.26,0.009999999999999787,18,5868,买盘
14:09:29,3.25,-0.009999999999999787,9,2933,卖盘
14:09:35,3.25,0.0,22,7150,卖盘
14:09:38,3.26,0.009999999999999787,18,5864,买盘
14:09:41,3.25,-0.009999999999999787,4,1300,卖盘
14:09:48,3.25,0.0,9,2925,卖盘
14:09:54,3.26,0.009999999999999787,20,6520,买盘
14:10:03,3.25,-0.009999999999999787,1,325,卖盘
14:10:06,3.25,0.0,9,2925,卖盘
14:10:09,3.25,0.0,80,26000,卖盘
14:10:16,3.25,0.0,1,325,卖盘
14:10:19,3.25,0.0,151,49075,卖盘
14:10:23,3.25,0.0,25,8125,卖盘
14:10:26,3.25,0.0,9,2926,卖盘
14:10:29,3.25,0.0,6,1950,卖盘
14:10:35,3.25,0.0,10,3250,卖盘
14:10:38,3.25,0.0,5,1626,卖盘
14:10:42,3.25,0.0,3,975,卖盘
14:10:45,3.25,0.0,1,325,卖盘
14:10:51,3.25,0.0,294,95550,卖盘
14:10:54,3.25,0.0,17,5526,卖盘
14:10:57,3.25,0.0,509,165421,卖盘
14:11:00,3.25,0.0,37,12025,卖盘
14:11:03,3.25,0.0,46,14950,买盘
14:11:06,3.25,0.0,14,4550,卖盘
14:11:10,3.25,0.0,11,3575,卖盘
14:11:13,3.25,0.0,1,325,卖盘
14:11:17,3.25,0.0,5,1625,卖盘
14:11:23,3.25,0.0,5,1625,卖盘
14:11:26,3.25,0.0,1,325,卖盘
14:11:36,3.26,0.009999999999999787,145,47219,买盘
14:11:39,3.25,-0.009999999999999787,31,10076,卖盘
14:11:42,3.25,0.0,29,9425,卖盘
14:11:48,3.25,0.0,126,40950,卖盘
14:11:51,3.25,0.0,9,2925,卖盘
14:11:54,3.25,0.0,6,1950,卖盘
14:11:57,3.25,0.0,46,14950,卖盘
14:12:01,3.25,0.0,3,975,卖盘
14:12:04,3.25,0.0,5,1625,卖盘
14:12:07,3.25,0.0,4,1300,卖盘
14:12:17,3.25,0.0,34,11050,卖盘
14:12:23,3.25,0.0,61,19825,卖盘
14:12:33,3.26,0.009999999999999787,104,33900,买盘
14:12:36,3.25,-0.009999999999999787,124,40300,卖盘
14:12:42,3.25,0.0,42,13650,卖盘
14:12:45,3.26,0.009999999999999787,22,7152,买盘
14:12:54,3.26,0.0,201,65526,买盘
14:12:58,3.25,-0.009999999999999787,32,10400,卖盘
14:13:08,3.25,0.0,14,4550,卖盘
14:13:11,3.26,0.009999999999999787,12,3901,买盘
14:13:14,3.26,0.0,50,16300,买盘
14:13:17,3.26,0.0,1,326,买盘
14:13:20,3.25,-0.009999999999999787,11,3576,卖盘
14:13:23,3.25,0.0,1,325,卖盘
