成交时间,成交价,价格变动,成交量（手）,成交额（元）,性质
09:25:03,3.26,-0.03000000000000025,3703,1207178.0,买盘
09:30:00,3.25,-0.009999999999999787,6724,2191304.0,卖盘
09:30:04,3.26,0.009999999999999787,2445,795146.0,买盘
09:30:08,3.26,0.0,1344,437621.0,买盘
09:30:12,3.24,-0.019999999999999574,727,236296.0,卖盘
09:30:18,3.25,0.009999999999999787,656,212827.0,中性盘
09:30:21,3.25,0.0,173,56266.0,买盘
09:30:27,3.25,0.0,1255,408617.0,卖盘
09:30:31,3.25,0.0,572,185910.0,买盘
09:30:34,3.25,0.0,347,112972.0,卖盘
09:30:39,3.25,0.0,384,124985.0,卖盘
09:30:42,3.25,0.0,615,200435.0,卖盘
09:30:45,3.26,0.009999999999999787,3526,1149327.0,买盘
09:30:51,3.27,0.020000000000000018,140,45436.0,买盘
09:30:54,3.27,0.0,77,25047.0,买盘
09:30:57,3.25,-0.020000000000000018,257,83565.0,卖盘
09:31:00,3.26,0.009999999999999787,50,16300.0,中性盘
09:31:03,3.26,0.0,214,69923.0,卖盘
09:31:06,3.27,0.010000000000000231,207,67669.0,买盘
09:31:09,3.26,-0.010000000000000231,1576,515327.0,卖盘
09:31:15,3.27,0.010000000000000231,141,46034.0,卖盘
09:31:18,3.27,0.0,256,83736.0,卖盘
09:31:21,3.27,0.0,2732,890119.0,买盘
09:31:24,3.28,0.009999999999999787,63,20615.0,买盘
09:31:30,3.27,-0.009999999999999787,4069,1325891.0,卖盘
09:31:36,3.28,0.009999999999999787,39,12768.0,买盘
09:31:39,3.28,0.0,46,15088.0,买盘
09:31:42,3.28,0.0,95,31160.0,买盘
09:31:45,3.28,0.0,581,190293.0,买盘
09:31:48,3.28,0.0,108,35421.0,买盘
09:31:51,3.28,0.0,91,29815.0,买盘
09:31:54,3.27,-0.009999999999999787,81,26508.0,卖盘
09:31:57,3.28,0.009999999999999787,197,64567.0,买盘
09:32:00,3.26,-0.020000000000000018,1264,413710.0,卖盘
09:32:06,3.24,-0.019999999999999574,1902,619517.0,卖盘
09:32:09,3.27,0.029999999999999805,365,119582.0,买盘
09:32:14,3.27,0.0,398,130148.0,卖盘
09:32:17,3.28,0.009999999999999787,18,5888.0,买盘
09:32:22,3.28,0.009999999999999787,3,982.0,买盘
09:32:26,3.27,-0.009999999999999787,177,57883.0,卖盘
09:32:30,3.27,0.0,193,63111.0,卖盘
09:32:36,3.27,-0.009999999999999787,387,126581.0,卖盘
09:32:39,3.27,0.0,424,138649.0,买盘
09:32:42,3.27,0.0,1,327.0,买盘
09:32:45,3.27,0.0,198,64746.0,买盘
09:32:48,3.27,0.0,1510,493689.0,买盘
09:32:51,3.25,-0.020000000000000018,531,172914.0,卖盘
09:32:54,3.26,0.009999999999999787,1018,331002.0,中性盘
09:32:57,3.25,-0.009999999999999787,28,9103.0,卖盘
09:33:00,3.25,0.0,6427,2078493.0,卖盘
09:33:03,3.25,0.0,340,110110.0,买盘
09:33:06,3.23,-0.020000000000000018,1105,357185.0,卖盘
09:33:09,3.23,0.0,1066,344486.0,卖盘
09:33:13,3.25,0.020000000000000018,511,165447.0,买盘
09:33:16,3.24,-0.009999999999999787,264,85969.0,卖盘
09:33:21,3.27,0.029999999999999805,677,220616.0,买盘
09:33:23,3.27,0.0,70,22834.0,买盘
09:33:33,3.26,0.0,155,50624.0,卖盘
09:33:36,3.27,0.010000000000000231,391,127467.0,买盘
09:33:42,3.26,-0.010000000000000231,89,29034.0,卖盘
09:33:45,3.27,0.010000000000000231,824,269378.0,买盘
09:33:48,3.26,-0.010000000000000231,407,133064.0,卖盘
09:33:51,3.26,0.0,57,18583.0,卖盘
09:33:54,3.26,0.0,227,74134.0,卖盘
09:33:57,3.26,0.0,267,87044.0,卖盘
09:34:00,3.26,0.0,99,32274.0,卖盘
09:34:04,3.26,0.0,365,118973.0,卖盘
09:34:07,3.26,0.0,160,52160.0,卖盘
09:34:10,3.26,0.0,120,39120.0,卖盘
09:34:14,3.27,0.010000000000000231,247,80532.0,买盘
09:34:21,3.26,0.0,61,19886.0,买盘
09:34:24,3.26,0.0,130,42380.0,买盘
09:34:27,3.26,0.0,79,25706.0,买盘
09:34:30,3.25,-0.009999999999999787,257,83530.0,卖盘
09:34:33,3.26,0.009999999999999787,222,72372.0,买盘
09:34:36,3.25,-0.009999999999999787,405,131921.0,卖盘
09:34:39,3.25,0.0,7,2277.0,卖盘
09:34:42,3.25,0.0,443,143975.0,卖盘
09:34:47,3.26,0.009999999999999787,10,3260.0,买盘
09:34:52,3.25,0.0,65,21125.0,卖盘
09:34:54,3.26,0.009999999999999787,5,1630.0,买盘
09:35:02,3.25,-0.009999999999999787,29,9425.0,卖盘
09:35:08,3.26,0.009999999999999787,13,4238.0,买盘
09:35:12,3.25,-0.009999999999999787,200,65000.0,卖盘
09:35:15,3.25,0.0,344,111846.0,卖盘
09:35:18,3.25,0.0,1563,507299.0,卖盘
09:35:21,3.25,0.0,300,97500.0,卖盘
09:35:27,3.24,-0.009999999999999787,194,62876.0,卖盘
09:35:30,3.25,0.009999999999999787,20,6500.0,买盘
09:35:33,3.24,-0.009999999999999787,810,262442.0,卖盘
09:35:36,3.24,0.0,26,8423.0,买盘
09:35:40,3.23,-0.010000000000000231,70,22651.0,卖盘
09:35:42,3.24,0.010000000000000231,539,174406.0,买盘
09:35:46,3.23,-0.010000000000000231,25,8086.0,卖盘
09:35:50,3.23,0.0,198,63964.0,卖盘
09:35:55,3.24,0.010000000000000231,754,243714.0,买盘
09:36:00,3.23,-0.010000000000000231,176,56850.0,卖盘
09:36:03,3.23,0.0,210,67832.0,卖盘
09:36:06,3.23,0.0,1588,512909.0,卖盘
09:36:09,3.23,0.0,1222,395665.0,卖盘
09:36:12,3.25,0.020000000000000018,590,191283.0,买盘
09:36:15,3.24,-0.009999999999999787,1126,365245.0,卖盘
09:36:18,3.23,-0.010000000000000231,7768,2500926.0,卖盘
09:36:21,3.24,0.010000000000000231,112,36284.0,买盘
09:36:24,3.23,-0.010000000000000231,109,35293.0,卖盘
09:36:28,3.23,0.0,105,34017.0,卖盘
09:36:31,3.24,0.010000000000000231,535,173679.0,买盘
09:36:35,3.24,0.0,71,23074.0,卖盘
09:36:38,3.24,0.0,113,36628.0,卖盘
09:36:41,3.24,0.0,22,7128.0,卖盘
09:36:45,3.24,0.0,49,15878.0,卖盘
09:36:47,3.24,0.0,36,11681.0,卖盘
09:36:51,3.25,0.009999999999999787,65,21062.0,买盘
09:36:54,3.25,0.0,18,5838.0,买盘
09:36:57,3.24,-0.009999999999999787,350,113677.0,卖盘
09:37:00,3.24,0.0,6,1944.0,卖盘
09:37:03,3.25,0.009999999999999787,219,71064.0,买盘
09:37:06,3.25,0.0,141,45734.0,买盘
09:37:09,3.25,0.0,20,6500.0,买盘
09:37:12,3.23,-0.020000000000000018,4009,1295868.0,卖盘
09:37:15,3.22,-0.009999999999999787,609,197526.0,卖盘
09:37:19,3.23,0.009999999999999787,162,52187.0,中性盘
09:37:21,3.23,0.0,47,15210.0,卖盘
09:37:24,3.23,0.0,127,41053.0,卖盘
09:37:28,3.23,0.0,74,23910.0,卖盘
09:37:30,3.24,0.010000000000000231,288,93312.0,买盘
09:37:35,3.24,0.0,137,44384.0,买盘
09:37:41,3.23,0.0,110,35531.0,卖盘
09:37:45,3.23,0.0,636,205117.0,卖盘
09:37:48,3.22,-0.009999999999999787,83,26735.0,卖盘
09:37:51,3.23,0.009999999999999787,141,45513.0,买盘
09:37:54,3.23,0.0,438,141464.0,买盘
09:37:57,3.23,0.0,2547,824332.0,买盘
09:38:00,3.23,0.0,105,33928.0,卖盘
09:38:03,3.24,0.010000000000000231,84,27165.0,买盘
09:38:06,3.23,-0.010000000000000231,1,323.0,卖盘
09:38:09,3.24,0.010000000000000231,220,71070.0,买盘
09:38:12,3.24,0.0,42,13599.0,买盘
09:38:15,3.23,-0.010000000000000231,91,29409.0,卖盘
09:38:18,3.23,0.0,118,38114.0,卖盘
09:38:21,3.23,0.0,472,152493.0,卖盘
09:38:25,3.23,0.0,4,1294.0,卖盘
09:38:27,3.23,0.0,365,118196.0,卖盘
09:38:30,3.24,0.010000000000000231,84,27216.0,买盘
09:38:35,3.24,0.0,18,5820.0,买盘
09:38:38,3.24,0.0,147,47609.0,买盘
09:38:42,3.24,0.0,38,12312.0,买盘
09:38:45,3.24,0.0,1,324.0,买盘
09:38:48,3.24,0.0,10,3240.0,买盘
09:38:51,3.24,0.0,106,34253.0,买盘
09:38:54,3.24,0.0,28,9064.0,买盘
09:38:58,3.23,0.0,69,22296.0,卖盘
09:39:03,3.24,0.010000000000000231,7,2268.0,买盘
09:39:06,3.24,0.0,1358,439978.0,买盘
09:39:09,3.24,0.0,60,19440.0,卖盘
09:39:12,3.24,0.0,136,44064.0,卖盘
09:39:16,3.24,0.0,80,25921.0,卖盘
09:39:19,3.25,0.009999999999999787,1048,340593.0,买盘
09:39:22,3.24,-0.009999999999999787,170,55237.0,卖盘
09:39:25,3.24,0.0,786,254664.0,卖盘
09:39:27,3.25,0.009999999999999787,108,35001.0,买盘
09:39:31,3.24,-0.009999999999999787,66,21415.0,卖盘
09:39:35,3.24,0.0,90,29160.0,卖盘
09:39:39,3.24,0.0,50,16200.0,卖盘
09:39:42,3.24,0.0,28,9075.0,卖盘
09:39:45,3.24,0.0,51,16537.0,卖盘
09:39:48,3.24,0.0,186,60449.0,卖盘
09:39:51,3.25,0.009999999999999787,192,62400.0,买盘
09:39:54,3.24,-0.009999999999999787,202,65449.0,卖盘
09:39:57,3.25,0.009999999999999787,88,28574.0,买盘
09:40:00,3.24,-0.009999999999999787,41,13285.0,卖盘
09:40:03,3.25,0.009999999999999787,102,33050.0,买盘
09:40:06,3.25,0.0,38,12346.0,买盘
09:40:09,3.25,0.0,82,26650.0,买盘
09:40:12,3.26,0.009999999999999787,1775,578119.0,买盘
09:40:16,3.26,0.0,335,109210.0,买盘
09:40:19,3.26,0.0,141,45966.0,买盘
09:40:22,3.26,0.0,158,51508.0,买盘
09:40:26,3.26,0.0,69,22482.0,买盘
09:40:29,3.26,0.0,89,28943.0,买盘
09:40:33,3.26,0.0,18,5860.0,买盘
09:40:36,3.26,0.0,53,17278.0,买盘
09:40:39,3.26,0.0,64,20864.0,买盘
09:40:42,3.26,0.0,33,10758.0,买盘
09:40:45,3.26,0.0,218,71068.0,买盘
09:40:48,3.25,-0.009999999999999787,1,325.0,卖盘
09:40:51,3.25,0.0,53,17275.0,卖盘
09:40:54,3.25,0.0,26,8450.0,卖盘
09:40:57,3.26,0.009999999999999787,21,6831.0,买盘
09:41:00,3.25,-0.009999999999999787,3,975.0,卖盘
09:41:03,3.25,0.0,20,6500.0,卖盘
09:41:07,3.26,0.009999999999999787,106,34506.0,买盘
09:41:09,3.25,-0.009999999999999787,313,101738.0,卖盘
09:41:13,3.25,0.0,16,5200.0,卖盘
09:41:16,3.25,0.0,132,42901.0,卖盘
09:41:20,3.25,0.0,101,32825.0,卖盘
09:41:26,3.26,0.0,486,157961.0,买盘
09:41:30,3.25,-0.009999999999999787,170,55262.0,卖盘
09:41:33,3.25,0.0,13,4225.0,卖盘
09:41:36,3.26,0.009999999999999787,20,6520.0,买盘
09:41:39,3.25,-0.009999999999999787,16,5200.0,卖盘
09:41:42,3.26,0.009999999999999787,442,143685.0,买盘
09:41:45,3.25,-0.009999999999999787,162,52650.0,卖盘
09:41:48,3.24,-0.009999999999999787,289,93861.0,卖盘
09:41:51,3.26,0.019999999999999574,290,94390.0,买盘
09:41:54,3.26,0.0,1359,442813.0,买盘
09:41:57,3.27,0.010000000000000231,245,79907.0,买盘
09:42:01,3.26,-0.010000000000000231,100,32600.0,卖盘
09:42:06,3.27,0.010000000000000231,53,17292.0,买盘
09:42:10,3.27,0.0,1702,556535.0,买盘
09:42:13,3.27,0.0,141,46107.0,卖盘
09:42:17,3.26,-0.010000000000000231,7,2282.0,卖盘
09:42:20,3.27,0.010000000000000231,114,37278.0,买盘
09:42:24,3.27,0.0,101,33027.0,买盘
09:42:27,3.26,-0.010000000000000231,1,326.0,卖盘
09:42:30,3.27,0.010000000000000231,53,17331.0,买盘
09:42:33,3.27,0.0,95,31000.0,买盘
09:42:36,3.27,0.0,308,100710.0,买盘
09:42:39,3.26,-0.010000000000000231,763,249000.0,卖盘
09:42:42,3.27,0.010000000000000231,117,38210.0,买盘
09:42:45,3.26,-0.010000000000000231,17,5542.0,卖盘
09:42:48,3.26,0.0,104,33961.0,卖盘
09:42:51,3.26,0.0,15,4895.0,卖盘
09:42:54,3.26,0.0,14,4564.0,卖盘
09:42:57,3.26,0.0,7,2287.0,卖盘
09:43:00,3.27,0.010000000000000231,50,16350.0,买盘
09:43:08,3.27,0.0,13,4251.0,买盘
09:43:11,3.26,-0.010000000000000231,2018,657868.0,卖盘
09:43:17,3.27,-0.009999999999999787,122,39894.0,卖盘
09:43:21,3.27,0.0,23,7521.0,卖盘
09:43:24,3.28,0.009999999999999787,101,33035.0,买盘
09:43:26,3.27,-0.009999999999999787,11,3597.0,卖盘
09:43:30,3.27,0.0,1,327.0,卖盘
09:43:33,3.28,0.009999999999999787,88,28837.0,买盘
09:43:36,3.27,-0.009999999999999787,1390,454528.0,卖盘
09:43:39,3.27,0.0,192,62784.0,买盘
09:43:42,3.27,0.0,44,14388.0,卖盘
09:43:45,3.28,0.009999999999999787,40,13120.0,买盘
09:43:48,3.26,-0.020000000000000018,2778,906069.0,卖盘
09:43:51,3.26,0.0,440,143440.0,买盘
09:43:55,3.27,0.010000000000000231,73,23871.0,买盘
09:43:57,3.27,0.0,1,327.0,买盘
09:44:02,3.26,-0.010000000000000231,245,79870.0,卖盘
09:44:07,3.26,-0.010000000000000231,81,26406.0,卖盘
09:44:15,3.26,0.0,420,136932.0,卖盘
09:44:18,3.26,0.0,24,7824.0,卖盘
09:44:21,3.26,0.0,478,155838.0,卖盘
09:44:24,3.26,0.0,1588,517688.0,卖盘
09:44:30,3.25,-0.009999999999999787,55,17910.0,卖盘
09:44:33,3.26,0.009999999999999787,499,162491.0,买盘
09:44:36,3.25,-0.009999999999999787,95,30875.0,卖盘
09:44:39,3.26,0.009999999999999787,4,1304.0,买盘
09:44:42,3.25,-0.009999999999999787,10,3250.0,卖盘
09:44:45,3.26,0.009999999999999787,101,32826.0,买盘
09:44:48,3.25,-0.009999999999999787,51,16575.0,卖盘
09:44:54,3.25,0.0,10,3250.0,卖盘
09:44:57,3.25,0.0,213,69225.0,卖盘
09:45:00,3.25,0.0,82,26663.0,卖盘
09:45:08,3.25,0.0,92,29900.0,卖盘
09:45:15,3.26,0.009999999999999787,2085,679394.0,买盘
09:45:18,3.26,0.0,1149,374574.0,买盘
09:45:21,3.26,0.0,94,30645.0,买盘
09:45:24,3.26,0.0,36,11736.0,卖盘
09:45:30,3.26,0.0,48,15661.0,卖盘
09:45:33,3.26,0.0,6,1956.0,卖盘
09:45:39,3.27,0.010000000000000231,1,327.0,买盘
09:45:42,3.27,0.0,16,5223.0,买盘
09:45:46,3.26,-0.010000000000000231,26,8476.0,卖盘
09:45:55,3.26,0.0,35,11413.0,卖盘
09:46:02,3.27,0.010000000000000231,14,4578.0,买盘
09:46:06,3.26,-0.010000000000000231,1762,574412.0,卖盘
09:46:09,3.27,0.010000000000000231,455,148453.0,买盘
09:46:12,3.26,-0.010000000000000231,125,40824.0,卖盘
09:46:15,3.26,0.0,22,7172.0,卖盘
09:46:18,3.26,0.0,25,8150.0,卖盘
09:46:21,3.26,0.0,51,16626.0,卖盘
09:46:24,3.26,0.0,243,79218.0,卖盘
09:46:27,3.27,0.010000000000000231,99,32290.0,买盘
09:46:33,3.26,-0.010000000000000231,54,17604.0,卖盘
09:46:39,3.26,0.0,100,32600.0,卖盘
09:46:42,3.26,0.0,13,4238.0,卖盘
09:46:47,3.26,0.0,5,1630.0,卖盘
09:46:53,3.26,0.0,50,16300.0,卖盘
09:46:56,3.26,0.0,168,54768.0,卖盘
09:46:59,3.26,0.0,62,20225.0,卖盘
09:47:03,3.26,0.0,16,5216.0,卖盘
09:47:06,3.27,0.010000000000000231,248,80850.0,买盘
09:47:09,3.26,-0.010000000000000231,192,62716.0,卖盘
09:47:12,3.26,0.0,15,4890.0,卖盘
09:47:15,3.27,0.010000000000000231,17,5559.0,买盘
09:47:18,3.26,-0.010000000000000231,53,17315.0,卖盘
09:47:21,3.27,0.010000000000000231,133,43461.0,买盘
09:47:24,3.27,0.0,2,654.0,买盘
09:47:27,3.27,0.0,13,4251.0,买盘
09:47:30,3.26,-0.010000000000000231,22,7173.0,卖盘
09:47:33,3.27,0.010000000000000231,234,76502.0,买盘
09:47:37,3.27,0.0,5,1635.0,买盘
09:47:39,3.27,0.0,230,75150.0,买盘
09:47:42,3.27,0.0,51,16677.0,买盘
09:47:46,3.27,0.0,143,46761.0,买盘
09:47:50,3.26,-0.010000000000000231,37,12073.0,卖盘
09:47:53,3.26,0.0,54,17610.0,卖盘
09:48:00,3.26,0.0,22,7192.0,卖盘
09:48:06,3.26,0.0,68,22168.0,卖盘
09:48:09,3.27,0.010000000000000231,66,21566.0,买盘
09:48:12,3.27,0.0,95,31065.0,买盘
09:48:15,3.27,0.0,30,9810.0,买盘
09:48:18,3.27,0.0,122,39894.0,买盘
09:48:24,3.26,-0.010000000000000231,70,22823.0,卖盘
09:48:27,3.27,0.010000000000000231,25,8175.0,买盘
09:48:31,3.27,0.0,32,10464.0,买盘
09:48:33,3.27,0.0,47,15369.0,买盘
09:48:38,3.27,0.0,145,47399.0,买盘
09:48:41,3.27,0.0,10,3270.0,买盘
09:48:44,3.27,0.0,25,8175.0,买盘
09:48:51,3.27,0.0,11,3597.0,买盘
09:48:53,3.26,-0.010000000000000231,20,6522.0,卖盘
09:48:56,3.27,0.010000000000000231,13,4251.0,买盘
09:49:00,3.27,0.0,8,2616.0,买盘
09:49:03,3.27,0.0,44,14388.0,买盘
09:49:06,3.27,0.0,15,4905.0,买盘
09:49:09,3.26,-0.010000000000000231,16,5216.0,卖盘
09:49:12,3.26,0.0,210,68510.0,卖盘
09:49:15,3.26,0.0,8,2608.0,卖盘
09:49:18,3.26,0.0,39,12737.0,卖盘
09:49:22,3.26,0.0,1,326.0,卖盘
09:49:25,3.26,0.0,16,5216.0,卖盘
09:49:27,3.27,0.010000000000000231,26,8502.0,买盘
09:49:32,3.26,-0.010000000000000231,22,7176.0,卖盘
09:49:35,3.27,0.010000000000000231,26,8502.0,买盘
09:49:38,3.27,0.0,85,27795.0,买盘
09:49:41,3.26,-0.010000000000000231,54,17628.0,卖盘
09:49:44,3.27,0.010000000000000231,23,7521.0,买盘
09:49:48,3.26,-0.010000000000000231,9,2935.0,卖盘
09:49:51,3.27,0.010000000000000231,1,327.0,买盘
09:49:54,3.27,0.0,18,5881.0,买盘
09:49:57,3.26,-0.010000000000000231,54,17642.0,卖盘
09:50:00,3.27,0.010000000000000231,10,3270.0,买盘
09:50:03,3.27,0.0,228,74500.0,买盘
09:50:06,3.27,0.0,2,654.0,买盘
09:50:12,3.26,-0.010000000000000231,3969,1293894.0,卖盘
09:50:15,3.26,0.0,183,59658.0,买盘
09:50:18,3.26,0.0,142,46292.0,买盘
09:50:21,3.26,0.0,64,20864.0,买盘
09:50:26,3.26,0.0,26,8476.0,买盘
09:50:32,3.26,0.009999999999999787,71,23146.0,买盘
09:50:35,3.26,0.0,1867,609141.0,买盘
09:50:38,3.26,0.0,294,96137.0,卖盘
09:50:42,3.27,0.010000000000000231,48,15666.0,买盘
09:50:45,3.26,-0.010000000000000231,15,4891.0,卖盘
09:50:48,3.26,0.0,128,41728.0,卖盘
09:50:51,3.26,0.0,49,16022.0,卖盘
09:50:57,3.27,0.010000000000000231,20,6540.0,买盘
09:51:00,3.26,-0.010000000000000231,65,21190.0,卖盘
09:51:06,3.26,0.0,32,10432.0,卖盘
09:51:09,3.27,0.010000000000000231,19,6198.0,买盘
09:51:12,3.26,-0.010000000000000231,60,19560.0,卖盘
09:51:18,3.26,0.0,7,2283.0,卖盘
09:51:28,3.27,0.010000000000000231,81,26467.0,买盘
09:51:32,3.26,-0.010000000000000231,72,23522.0,卖盘
09:51:35,3.26,0.0,4,1304.0,卖盘
09:51:39,3.26,0.0,20,6520.0,卖盘
09:51:42,3.26,0.0,685,223338.0,卖盘
09:51:44,3.26,0.0,30,9780.0,卖盘
09:51:48,3.27,0.010000000000000231,102,33253.0,买盘
09:51:51,3.26,-0.010000000000000231,2,652.0,卖盘
09:51:54,3.27,0.010000000000000231,14,4568.0,买盘
09:51:57,3.27,0.0,56,18279.0,买盘
09:52:00,3.27,0.0,84,27468.0,买盘
09:52:03,3.26,-0.010000000000000231,54,17604.0,卖盘
09:52:06,3.26,0.0,49,15974.0,卖盘
09:52:09,3.27,0.010000000000000231,2946,963315.0,买盘
09:52:13,3.27,0.0,520,169719.0,买盘
09:52:15,3.27,0.0,30,9810.0,买盘
09:52:19,3.27,0.0,10,3270.0,卖盘
09:52:23,3.27,0.0,264,86328.0,卖盘
09:52:27,3.27,0.0,1,327.0,卖盘
09:52:32,3.27,0.0,14,4578.0,卖盘
09:52:42,3.27,0.0,673,220071.0,卖盘
09:52:45,3.28,0.009999999999999787,21,6888.0,买盘
09:52:48,3.27,-0.009999999999999787,40,13080.0,卖盘
09:52:51,3.27,0.0,20,6540.0,卖盘
09:52:54,3.27,0.0,141,46118.0,卖盘
09:52:57,3.27,0.0,2,654.0,卖盘
09:53:00,3.28,0.009999999999999787,15,4920.0,买盘
09:53:03,3.27,-0.009999999999999787,376,123002.0,卖盘
09:53:06,3.28,0.009999999999999787,4,1312.0,买盘
09:53:14,3.28,0.0,570,186927.0,买盘
09:53:19,3.28,0.0,63,20664.0,买盘
09:53:23,3.28,0.0,130,42515.0,买盘
09:53:26,3.28,0.0,832,272896.0,买盘
09:53:29,3.29,0.010000000000000231,2782,913641.0,买盘
09:53:33,3.29,0.0,63,20724.0,买盘
09:53:36,3.28,-0.010000000000000231,205,67240.0,卖盘
09:53:39,3.28,0.0,27,8856.0,买盘
09:53:42,3.28,0.0,93,30504.0,买盘
09:53:48,3.28,0.0,42,13812.0,卖盘
09:53:51,3.28,0.0,70,23016.0,卖盘
09:53:54,3.29,0.010000000000000231,85,27944.0,买盘
09:54:03,3.29,0.0,83,27298.0,买盘
09:54:06,3.28,-0.010000000000000231,79,25990.0,卖盘
09:54:11,3.29,0.010000000000000231,5,1645.0,买盘
09:54:17,3.29,0.0,2,658.0,买盘
09:54:23,3.29,0.010000000000000231,2,658.0,买盘
09:54:26,3.28,-0.010000000000000231,1,328.0,卖盘
09:54:30,3.29,0.010000000000000231,68,22372.0,买盘
09:54:33,3.28,-0.010000000000000231,10,3280.0,卖盘
09:54:36,3.29,0.010000000000000231,62,20398.0,买盘
09:54:39,3.29,0.0,81,26649.0,买盘
09:54:45,3.29,0.0,272,89488.0,买盘
09:54:48,3.29,0.0,30,9870.0,买盘
09:54:51,3.29,0.0,234,76986.0,买盘
09:54:57,3.29,0.0,29,9541.0,买盘
09:55:01,3.29,0.0,107,35203.0,买盘
09:55:03,3.28,-0.010000000000000231,114,37392.0,卖盘
09:55:06,3.29,0.010000000000000231,288,94702.0,买盘
09:55:10,3.29,0.0,726,238854.0,买盘
09:55:13,3.29,0.0,328,107612.0,买盘
09:55:17,3.29,0.0,126,41454.0,买盘
09:55:23,3.29,0.0,56,18424.0,买盘
09:55:27,3.29,0.0,63,20727.0,买盘
09:55:30,3.29,0.0,22,7238.0,买盘
09:55:33,3.29,0.0,83,27307.0,买盘
09:55:36,3.29,0.0,30,9870.0,买盘
09:55:42,3.29,0.0,20,6580.0,买盘
09:55:45,3.29,0.0,717,235575.0,买盘
09:55:48,3.28,-0.010000000000000231,202,66288.0,卖盘
09:55:51,3.29,0.010000000000000231,117,38427.0,买盘
09:55:54,3.29,0.0,5,1645.0,买盘
09:55:57,3.28,-0.010000000000000231,3,984.0,卖盘
09:56:01,3.28,0.0,398,130544.0,卖盘
09:56:04,3.29,0.010000000000000231,795,261555.0,买盘
09:56:10,3.28,-0.010000000000000231,34,11166.0,卖盘
09:56:13,3.29,0.010000000000000231,14,4606.0,买盘
09:56:20,3.29,0.0,1,329.0,买盘
09:56:27,3.28,-0.010000000000000231,145,47561.0,卖盘
09:56:30,3.28,0.0,1863,611064.0,卖盘
09:56:33,3.28,0.0,137,44936.0,买盘
09:56:36,3.28,0.0,28,9184.0,买盘
09:56:39,3.28,0.0,48,15744.0,买盘
09:56:42,3.28,0.0,79,25912.0,买盘
09:56:45,3.28,0.0,805,264040.0,买盘
09:56:48,3.28,0.0,94,30841.0,买盘
09:56:51,3.28,0.0,124,40672.0,买盘
09:56:57,3.28,0.0,572,187616.0,买盘
09:57:00,3.28,0.0,1,328.0,买盘
09:57:03,3.27,-0.009999999999999787,62,20316.0,卖盘
09:57:08,3.28,0.009999999999999787,26,8528.0,买盘
09:57:11,3.28,0.0,242,79490.0,买盘
09:57:14,3.27,-0.009999999999999787,16,5238.0,卖盘
09:57:18,3.27,0.0,38,12452.0,卖盘
09:57:21,3.28,0.009999999999999787,28,9178.0,买盘
09:57:27,3.27,-0.009999999999999787,33,10811.0,卖盘
09:57:30,3.28,0.009999999999999787,21,6888.0,买盘
09:57:33,3.28,0.0,125,41000.0,买盘
09:57:36,3.28,0.0,361,118408.0,卖盘
09:57:39,3.28,0.0,69,22632.0,卖盘
09:57:42,3.28,0.0,127,41656.0,卖盘
09:57:45,3.28,0.0,149,48872.0,卖盘
09:57:48,3.28,0.0,10,3280.0,卖盘
09:57:51,3.28,0.0,45,14760.0,卖盘
09:57:54,3.29,0.010000000000000231,48,15792.0,买盘
09:57:57,3.28,-0.010000000000000231,459,150552.0,卖盘
09:58:02,3.29,0.010000000000000231,31,10178.0,买盘
09:58:08,3.28,0.0,57,18708.0,买盘
09:58:18,3.28,0.0,77,25259.0,卖盘
09:58:21,3.28,0.0,245,80365.0,卖盘
09:58:24,3.28,0.0,309,101352.0,买盘
09:58:27,3.29,0.010000000000000231,3495,1149855.0,买盘
09:58:30,3.29,0.0,117,38420.0,买盘
09:58:33,3.28,-0.010000000000000231,93,30593.0,卖盘
09:58:36,3.29,0.010000000000000231,84,27636.0,买盘
09:58:39,3.28,-0.010000000000000231,11,3618.0,卖盘
09:58:42,3.29,0.010000000000000231,60,19740.0,买盘
09:58:45,3.29,0.0,21,6909.0,卖盘
09:58:52,3.29,0.0,96,31584.0,卖盘
09:58:54,3.29,0.0,566,186214.0,卖盘
09:58:57,3.29,0.0,320,105280.0,买盘
09:59:02,3.29,0.0,156,51324.0,买盘
09:59:05,3.28,-0.010000000000000231,3,986.0,卖盘
09:59:09,3.29,0.010000000000000231,3,987.0,买盘
09:59:12,3.29,0.0,27,8873.0,买盘
09:59:15,3.29,0.0,95,31255.0,买盘
09:59:18,3.29,0.0,339,111531.0,买盘
09:59:21,3.29,0.0,372,122388.0,买盘
09:59:24,3.29,0.0,502,165158.0,买盘
09:59:27,3.29,0.0,36,11842.0,买盘
09:59:30,3.29,0.0,26,8554.0,买盘
09:59:33,3.29,0.0,334,109885.0,买盘
09:59:36,3.29,0.0,45,14805.0,买盘
09:59:39,3.29,0.0,187,61523.0,买盘
09:59:42,3.29,0.0,76,25004.0,买盘
09:59:46,3.29,0.0,40,13160.0,买盘
09:59:52,3.28,-0.010000000000000231,3,984.0,卖盘
09:59:56,3.29,0.010000000000000231,101,33229.0,买盘
09:59:59,3.29,0.0,131,43099.0,买盘
10:00:06,3.29,0.0,68,22372.0,买盘
10:00:12,3.29,0.0,40,13160.0,买盘
10:00:15,3.28,-0.010000000000000231,51,16729.0,卖盘
10:00:18,3.28,0.0,31,10174.0,卖盘
10:00:21,3.28,0.0,463,152132.0,卖盘
10:00:24,3.28,0.0,2226,730058.0,卖盘
10:00:27,3.27,-0.009999999999999787,121,39579.0,卖盘
10:00:36,3.27,0.0,50,16350.0,卖盘
10:00:46,3.27,0.0,168,54936.0,卖盘
10:00:50,3.28,0.009999999999999787,45,14757.0,买盘
10:00:55,3.28,0.0,11,3607.0,买盘
10:00:57,3.27,-0.009999999999999787,2,655.0,卖盘
10:01:03,3.28,0.009999999999999787,53,17341.0,买盘
10:01:06,3.27,-0.009999999999999787,326,106798.0,卖盘
10:01:15,3.28,0.009999999999999787,96,31485.0,买盘
10:01:18,3.27,-0.009999999999999787,4,1308.0,卖盘
10:01:21,3.27,0.0,40,13080.0,卖盘
10:01:27,3.27,0.0,60,19620.0,卖盘
10:01:30,3.27,0.0,3,981.0,卖盘
10:01:37,3.28,0.009999999999999787,62,20334.0,买盘
10:01:43,3.27,-0.009999999999999787,30,9810.0,卖盘
10:01:46,3.27,0.0,16,5232.0,卖盘
10:01:49,3.27,0.0,183,59841.0,卖盘
10:01:53,3.27,0.0,57,18639.0,卖盘
10:01:56,3.27,0.0,9,2943.0,卖盘
10:02:00,3.27,0.0,568,185736.0,卖盘
10:02:03,3.27,0.0,244,79788.0,卖盘
10:02:06,3.27,0.0,638,208626.0,卖盘
10:02:09,3.27,0.0,24,7848.0,买盘
10:02:12,3.27,0.0,335,109564.0,买盘
10:02:15,3.27,0.0,324,105947.0,买盘
10:02:18,3.27,0.0,28,9142.0,买盘
10:02:21,3.27,0.0,64,20928.0,买盘
10:02:24,3.27,0.0,81,26487.0,买盘
10:02:27,3.26,-0.010000000000000231,245,79870.0,卖盘
10:02:31,3.27,0.010000000000000231,26,8502.0,买盘
10:02:33,3.27,0.0,2,654.0,买盘
10:02:43,3.27,0.0,83,27141.0,买盘
10:02:46,3.26,-0.010000000000000231,53,17278.0,卖盘
10:02:51,3.27,0.010000000000000231,36,11772.0,买盘
10:02:57,3.27,0.0,312,101974.0,买盘
10:03:00,3.27,0.0,3,981.0,买盘
10:03:03,3.26,-0.010000000000000231,11,3586.0,卖盘
10:03:06,3.27,0.010000000000000231,975,317930.0,买盘
10:03:09,3.27,0.0,891,291349.0,买盘
10:03:12,3.28,0.009999999999999787,68,22294.0,买盘
10:03:18,3.27,-0.009999999999999787,41,13408.0,卖盘
10:03:21,3.28,0.009999999999999787,20,6560.0,买盘
10:03:27,3.28,0.0,86,28149.0,买盘
10:03:31,3.28,0.0,3,984.0,买盘
10:03:34,3.28,0.0,110,36018.0,买盘
10:03:37,3.28,0.0,4,1312.0,买盘
10:03:40,3.28,0.0,5,1640.0,买盘
10:03:43,3.28,0.0,22,7216.0,买盘
10:03:47,3.28,0.0,84,27552.0,买盘
10:03:50,3.28,0.0,143,46904.0,买盘
10:03:54,3.28,0.0,25,8200.0,买盘
10:03:57,3.28,0.0,922,302416.0,买盘
10:04:03,3.28,0.0,59,19368.0,卖盘
10:04:06,3.28,0.0,150,49252.0,卖盘
10:04:09,3.28,0.0,173,56744.0,卖盘
10:04:12,3.28,0.0,55,18040.0,卖盘
10:04:15,3.28,0.0,7,2296.0,卖盘
10:04:18,3.28,0.0,43,14136.0,卖盘
10:04:21,3.29,0.010000000000000231,75,24675.0,买盘
10:04:25,3.27,-0.020000000000000018,93,30503.0,卖盘
10:04:27,3.28,0.009999999999999787,44,14432.0,买盘
10:04:31,3.27,-0.009999999999999787,73,23905.0,卖盘
10:04:35,3.28,0.009999999999999787,109,35752.0,买盘
10:04:38,3.28,0.0,662,217136.0,卖盘
10:04:48,3.28,0.0,294,96455.0,买盘
10:04:51,3.28,0.0,144,47232.0,卖盘
10:04:54,3.28,0.0,101,33128.0,卖盘
10:04:57,3.28,0.0,23,7544.0,买盘
10:05:00,3.28,0.0,30,9840.0,买盘
10:05:03,3.27,-0.009999999999999787,35,11477.0,卖盘
10:05:06,3.27,0.0,2,654.0,卖盘
10:05:09,3.27,0.0,636,208604.0,卖盘
10:05:12,3.28,0.009999999999999787,3,984.0,买盘
10:05:18,3.28,0.0,40,13120.0,买盘
10:05:21,3.26,-0.020000000000000018,2114,691262.0,卖盘
10:05:24,3.27,0.010000000000000231,40,13080.0,买盘
10:05:28,3.27,0.0,21,6867.0,买盘
10:05:32,3.27,0.0,14,4578.0,买盘
10:05:38,3.27,0.0,10,3270.0,买盘
10:05:42,3.27,0.0,6,1962.0,买盘
10:05:45,3.27,0.0,18,5886.0,买盘
10:05:48,3.27,0.0,78,25438.0,买盘
10:05:51,3.27,0.0,59,19293.0,买盘
10:05:54,3.27,0.0,9,2943.0,买盘
10:05:57,3.27,0.0,22,7194.0,买盘
10:06:00,3.26,-0.010000000000000231,78,25448.0,卖盘
10:06:03,3.26,0.0,2,652.0,卖盘
10:06:06,3.26,0.0,3,978.0,卖盘
10:06:09,3.26,0.0,106,34616.0,卖盘
10:06:12,3.26,0.0,451,147034.0,卖盘
10:06:15,3.26,0.0,18,5868.0,卖盘
10:06:19,3.27,0.010000000000000231,3,980.0,买盘
10:06:22,3.27,0.0,1,327.0,买盘
10:06:25,3.26,-0.010000000000000231,85,27710.0,卖盘
10:06:32,3.26,0.0,2,652.0,卖盘
10:06:35,3.26,0.0,3,978.0,卖盘
10:06:38,3.27,0.010000000000000231,31,10136.0,买盘
10:06:42,3.26,-0.010000000000000231,111,36294.0,卖盘
10:06:45,3.26,0.0,1,326.0,卖盘
10:06:48,3.26,0.0,5,1630.0,卖盘
10:06:51,3.26,0.0,8,2608.0,卖盘
10:06:54,3.26,0.0,64,20869.0,卖盘
10:06:57,3.26,0.0,2,652.0,卖盘
10:07:00,3.26,0.0,8,2609.0,卖盘
10:07:03,3.26,0.0,6,1956.0,卖盘
10:07:06,3.26,0.0,11,3587.0,卖盘
10:07:09,3.27,0.010000000000000231,21,6848.0,买盘
10:07:12,3.27,0.0,72,23509.0,买盘
10:07:16,3.27,0.0,3,981.0,买盘
10:07:19,3.26,-0.010000000000000231,14,4564.0,卖盘
10:07:22,3.27,0.010000000000000231,34,11114.0,买盘
10:07:29,3.27,0.0,239,78153.0,买盘
10:07:32,3.27,0.0,123,40121.0,买盘
10:07:39,3.27,0.0,29,9483.0,买盘
10:07:42,3.27,0.0,83,27141.0,买盘
10:07:45,3.27,0.0,49,16023.0,买盘
10:07:48,3.27,0.0,131,42837.0,买盘
10:07:51,3.27,0.0,142,46294.0,买盘
10:07:54,3.27,0.0,43,14040.0,买盘
10:07:57,3.27,0.0,31,10137.0,买盘
10:08:00,3.26,-0.010000000000000231,11,3586.0,卖盘
10:08:03,3.26,0.0,4,1304.0,卖盘
10:08:06,3.26,0.0,1,326.0,卖盘
10:08:09,3.26,0.0,66,21516.0,卖盘
10:08:13,3.26,0.0,1,326.0,卖盘
10:08:17,3.26,0.0,104,33904.0,卖盘
10:08:20,3.26,0.0,32,10434.0,卖盘
10:08:45,3.26,-0.010000000000000231,60,19560.0,卖盘
10:08:48,3.26,0.0,16,5227.0,卖盘
10:08:51,3.26,0.0,377,122927.0,卖盘
10:08:54,3.26,0.0,12,3912.0,卖盘
10:08:57,3.26,0.0,134,43684.0,卖盘
10:09:00,3.26,0.0,39,12714.0,卖盘
10:09:04,3.26,0.0,35,11410.0,卖盘
10:09:07,3.26,0.0,171,55746.0,卖盘
10:09:10,3.26,0.0,247,80554.0,卖盘
10:09:12,3.26,0.0,203,66178.0,卖盘
10:09:17,3.26,0.0,384,125184.0,卖盘
10:09:20,3.26,0.0,145,47270.0,买盘
10:09:25,3.26,0.0,46,14996.0,买盘
10:09:29,3.26,0.0,205,66830.0,买盘
10:09:33,3.26,0.0,221,72036.0,卖盘
10:09:36,3.26,0.0,3,978.0,卖盘
10:09:39,3.26,0.0,6,1956.0,卖盘
10:09:42,3.26,0.0,33,10758.0,卖盘
10:09:45,3.26,0.0,58,18888.0,买盘
10:09:48,3.25,-0.009999999999999787,23,7487.0,卖盘
10:09:51,3.25,0.0,243,79166.0,卖盘
10:09:54,3.26,0.009999999999999787,64,20864.0,买盘
10:09:57,3.26,0.0,3,978.0,卖盘
10:10:04,3.26,0.0,1,326.0,买盘
10:10:10,3.26,0.0,181,58970.0,买盘
10:10:13,3.26,0.0,35,11395.0,买盘
10:10:17,3.26,0.0,75,24449.0,买盘
10:10:24,3.26,0.0,6,1956.0,买盘
10:10:30,3.25,-0.009999999999999787,52,16900.0,卖盘
10:10:33,3.25,0.0,43,13977.0,卖盘
10:10:36,3.26,0.009999999999999787,76,24766.0,买盘
10:10:42,3.25,-0.009999999999999787,31,10075.0,卖盘
10:10:45,3.26,0.009999999999999787,442,143681.0,买盘
10:10:52,3.25,-0.009999999999999787,291,94808.0,卖盘
10:10:55,3.25,0.0,132,43031.0,卖盘
10:10:57,3.25,0.0,125,40631.0,卖盘
10:11:01,3.25,0.0,173,56225.0,卖盘
10:11:03,3.25,0.0,7,2275.0,卖盘
10:11:08,3.25,0.0,11,3575.0,卖盘
10:11:11,3.25,0.0,194,63055.0,卖盘
10:11:21,3.26,0.009999999999999787,14,4562.0,买盘
10:11:24,3.25,-0.009999999999999787,26,8454.0,卖盘
10:11:27,3.26,0.009999999999999787,69,22494.0,买盘
10:11:30,3.26,0.0,7,2279.0,买盘
10:11:33,3.26,0.0,79,25752.0,买盘
10:11:36,3.26,0.0,57,18582.0,买盘
10:11:39,3.26,0.0,19,6194.0,买盘
10:11:42,3.26,0.0,69,22486.0,买盘
10:11:45,3.25,-0.009999999999999787,8,2600.0,卖盘
10:11:48,3.25,0.0,102,33251.0,卖盘
10:11:51,3.26,0.009999999999999787,39,12678.0,买盘
10:11:55,3.25,-0.009999999999999787,6,1950.0,卖盘
10:11:57,3.25,0.0,19,6181.0,卖盘
10:12:01,3.26,0.009999999999999787,5,1630.0,买盘
10:12:05,3.25,-0.009999999999999787,35,11375.0,卖盘
10:12:08,3.25,0.0,100,32500.0,卖盘
10:12:11,3.25,0.0,6,1950.0,卖盘
10:12:15,3.26,0.009999999999999787,26,8458.0,买盘
10:12:18,3.25,-0.009999999999999787,248,80818.0,卖盘
10:12:21,3.25,0.0,184,59829.0,卖盘
10:12:24,3.26,0.009999999999999787,63,20538.0,买盘
10:12:27,3.25,-0.009999999999999787,10,3250.0,卖盘
10:12:30,3.25,0.0,718,233380.0,卖盘
10:12:36,3.25,0.0,8,2600.0,卖盘
10:12:39,3.25,0.0,1,325.0,卖盘
10:12:42,3.25,0.0,51,16575.0,卖盘
10:12:46,3.25,0.0,22,7150.0,卖盘
10:12:49,3.26,0.009999999999999787,54,17602.0,买盘
10:12:54,3.26,0.0,106,34459.0,买盘
10:12:59,3.26,0.0,11,3577.0,买盘
10:13:04,3.25,-0.009999999999999787,19,6178.0,卖盘
10:13:08,3.25,0.0,45,14625.0,卖盘
10:13:12,3.25,0.0,54,17550.0,卖盘
10:13:15,3.26,0.009999999999999787,140,45560.0,买盘
10:13:18,3.25,-0.009999999999999787,18,5850.0,卖盘
10:13:24,3.25,0.0,30,9750.0,卖盘
10:13:27,3.25,0.0,35,11377.0,卖盘
10:13:30,3.25,0.0,1607,522275.0,卖盘
10:13:33,3.25,0.0,72,23400.0,买盘
10:13:36,3.25,0.0,21,6823.0,买盘
10:13:39,3.25,0.0,20,6494.0,买盘
10:13:42,3.25,0.0,60,19499.0,买盘
10:13:45,3.25,0.0,188,61100.0,买盘
10:13:49,3.24,-0.009999999999999787,273,88701.0,卖盘
10:13:51,3.25,0.009999999999999787,40,13000.0,买盘
10:13:56,3.25,0.0,43,13958.0,买盘
10:13:59,3.24,-0.009999999999999787,23,7452.0,卖盘
10:14:02,3.24,0.0,585,190094.0,卖盘
10:14:05,3.24,0.0,181,58664.0,卖盘
10:14:09,3.25,0.009999999999999787,430,139321.0,买盘
10:14:11,3.24,-0.009999999999999787,76,24669.0,卖盘
10:14:14,3.24,0.0,283,91942.0,卖盘
10:14:18,3.25,0.009999999999999787,37,12025.0,买盘
10:14:21,3.24,-0.009999999999999787,2,648.0,卖盘
10:14:24,3.24,0.0,62,20088.0,卖盘
10:14:27,3.24,0.0,180,58320.0,卖盘
10:14:30,3.24,0.0,40,12962.0,卖盘
10:14:33,3.24,0.0,55,17820.0,卖盘
10:14:36,3.24,0.0,75,24300.0,卖盘
10:14:39,3.24,0.0,2351,761724.0,卖盘
10:14:42,3.24,0.0,69,22356.0,买盘
10:14:46,3.24,0.0,28,9072.0,买盘
10:14:48,3.24,0.0,6,1944.0,买盘
10:14:52,3.24,0.0,669,216156.0,买盘
10:14:55,3.24,0.0,397,128433.0,买盘
10:14:59,3.23,-0.010000000000000231,61,19703.0,卖盘
10:15:02,3.24,0.010000000000000231,16,5182.0,买盘
10:15:05,3.23,-0.010000000000000231,21,6783.0,卖盘
10:15:09,3.23,0.0,20,6460.0,卖盘
10:15:12,3.24,0.010000000000000231,108,34938.0,买盘
10:15:15,3.24,0.0,433,140034.0,买盘
10:15:18,3.24,0.0,896,290304.0,买盘
10:15:21,3.24,0.0,535,173272.0,买盘
10:15:24,3.24,0.0,327,105816.0,买盘
10:15:27,3.24,0.0,182,58953.0,买盘
10:15:30,3.24,0.0,156,50524.0,买盘
10:15:33,3.23,-0.010000000000000231,34,11002.0,卖盘
10:15:36,3.24,0.010000000000000231,41,13272.0,买盘
10:15:40,3.23,-0.010000000000000231,504,162796.0,卖盘
10:15:42,3.23,0.0,19,6138.0,卖盘
10:15:47,3.24,0.010000000000000231,30,9720.0,买盘
10:15:53,3.23,-0.010000000000000231,15,4846.0,卖盘
10:15:56,3.24,0.010000000000000231,55,17818.0,买盘
10:15:59,3.23,-0.010000000000000231,19,6140.0,卖盘
10:16:02,3.23,0.0,13,4200.0,卖盘
10:16:09,3.23,0.0,63,20391.0,卖盘
10:16:12,3.23,0.0,7,2262.0,卖盘
10:16:15,3.24,0.010000000000000231,67,21706.0,买盘
10:16:18,3.24,0.0,62,20077.0,买盘
10:16:21,3.24,0.0,52,16848.0,买盘
10:16:24,3.24,0.0,69,22356.0,买盘
10:16:27,3.24,0.0,127,41147.0,买盘
10:16:30,3.24,0.0,1545,500580.0,买盘
10:16:33,3.24,0.0,30,9720.0,卖盘
10:16:37,3.25,0.009999999999999787,101,32755.0,买盘
10:16:39,3.24,-0.009999999999999787,58,18792.0,卖盘
10:16:46,3.24,0.0,43,13932.0,卖盘
10:16:50,3.25,0.009999999999999787,10,3250.0,买盘
10:16:53,3.24,-0.009999999999999787,1,324.0,卖盘
10:16:59,3.24,-0.009999999999999787,1,324.0,卖盘
10:17:03,3.24,0.0,124,40176.0,卖盘
10:17:09,3.24,0.0,41,13284.0,卖盘
10:17:12,3.24,0.0,6,1944.0,卖盘
10:17:15,3.24,0.0,65,21060.0,卖盘
10:17:18,3.24,0.0,1,324.0,卖盘
10:17:21,3.24,0.0,995,322380.0,卖盘
10:17:24,3.24,0.0,14,4537.0,买盘
10:17:27,3.24,0.0,20,6480.0,卖盘
10:17:31,3.24,0.0,4,1296.0,卖盘
10:17:36,3.24,0.0,318,103032.0,卖盘
10:17:40,3.25,0.009999999999999787,113,36622.0,买盘
10:17:44,3.24,-0.009999999999999787,10,3240.0,卖盘
10:17:47,3.24,0.0,14,4536.0,卖盘
10:17:50,3.24,0.0,65,21060.0,卖盘
10:18:00,3.24,0.0,264,85536.0,卖盘
10:18:03,3.24,0.0,40,12960.0,卖盘
10:18:06,3.24,0.0,14,4536.0,卖盘
10:18:09,3.24,0.0,174,56376.0,卖盘
10:18:12,3.24,0.0,3,972.0,卖盘
10:18:15,3.25,0.009999999999999787,491,159097.0,买盘
10:18:18,3.25,0.0,52,16858.0,买盘
10:18:21,3.25,0.0,10,3250.0,买盘
10:18:25,3.25,0.0,20,6494.0,买盘
10:18:27,3.25,0.0,10,3250.0,买盘
10:18:31,3.25,0.0,13,4221.0,买盘
10:18:35,3.25,0.0,139,45067.0,买盘
10:18:38,3.25,0.0,58,18830.0,买盘
10:18:47,3.25,0.0,19,6173.0,买盘
10:18:54,3.25,0.0,122,39617.0,买盘
10:18:57,3.25,0.0,120,38919.0,买盘
10:19:06,3.25,0.0,5,1624.0,买盘
10:19:09,3.24,-0.009999999999999787,61,19764.0,卖盘
10:19:21,3.24,0.0,10,3240.0,卖盘
10:19:25,3.24,0.0,87,28190.0,卖盘
10:19:28,3.24,0.0,30,9720.0,卖盘
10:19:35,3.25,0.009999999999999787,54,17550.0,买盘
10:19:38,3.25,0.0,54,17509.0,买盘
10:19:41,3.25,0.0,1057,342510.0,买盘
10:19:44,3.25,0.0,31,10069.0,买盘
10:19:48,3.25,0.0,7,2271.0,买盘
10:19:51,3.25,0.0,26,8450.0,买盘
10:19:54,3.25,0.0,32,10383.0,买盘
10:19:57,3.25,0.0,61,19825.0,买盘
10:20:00,3.25,0.0,17,5525.0,买盘
10:20:03,3.25,0.0,18,5845.0,买盘
10:20:06,3.25,0.0,1,325.0,买盘
10:20:09,3.25,0.0,79,25675.0,买盘
10:20:12,3.25,0.0,158,51311.0,买盘
10:20:15,3.25,0.0,208,67600.0,买盘
10:20:19,3.25,0.0,129,41925.0,买盘
10:20:21,3.24,-0.009999999999999787,108,34992.0,卖盘
10:20:25,3.24,0.0,37,11988.0,卖盘
10:20:29,3.25,0.009999999999999787,73,23725.0,买盘
10:20:32,3.25,0.0,2,650.0,买盘
10:20:35,3.25,0.0,9,2925.0,买盘
10:20:41,3.25,0.0,13,4225.0,买盘
10:20:45,3.25,0.0,40,13000.0,买盘
10:20:48,3.24,-0.009999999999999787,83,26892.0,卖盘
10:20:51,3.25,0.009999999999999787,24,7800.0,买盘
10:21:00,3.25,0.0,1,325.0,买盘
10:21:06,3.25,0.0,43,13935.0,买盘
10:21:09,3.25,0.0,14,4550.0,买盘
10:21:12,3.25,0.0,2,650.0,买盘
10:21:16,3.24,-0.009999999999999787,5,1620.0,卖盘
10:21:22,3.25,0.009999999999999787,1,325.0,买盘
10:21:25,3.25,0.0,50,16250.0,买盘
10:21:29,3.24,-0.009999999999999787,155,50274.0,卖盘
10:21:35,3.24,0.0,85,27540.0,卖盘
10:21:45,3.24,0.0,27,8751.0,卖盘
10:21:54,3.24,0.0,11,3564.0,卖盘
10:21:57,3.25,0.009999999999999787,30,9743.0,买盘
10:22:06,3.25,0.0,7,2275.0,买盘
10:22:09,3.25,0.0,16,5200.0,买盘
10:22:13,3.25,0.0,11,3575.0,买盘
10:22:16,3.25,0.0,7,2275.0,买盘
10:22:20,3.25,0.0,14,4550.0,买盘
10:22:26,3.25,0.0,158,51236.0,买盘
10:22:29,3.25,0.0,27,8775.0,买盘
10:22:38,3.25,0.0,2,650.0,买盘
10:22:42,3.24,-0.009999999999999787,33,10722.0,卖盘
10:22:45,3.24,0.0,4,1296.0,卖盘
10:22:48,3.24,0.0,465,151114.0,卖盘
10:22:51,3.24,0.0,25,8101.0,卖盘
10:22:54,3.24,0.0,4,1296.0,卖盘
10:23:00,3.25,0.009999999999999787,162,52515.0,买盘
10:23:03,3.25,0.0,19,6175.0,买盘
10:23:06,3.24,-0.009999999999999787,61,19769.0,卖盘
10:23:10,3.25,0.009999999999999787,504,163800.0,买盘
10:23:13,3.25,0.0,20,6500.0,卖盘
10:23:17,3.25,0.0,34,11083.0,卖盘
10:23:20,3.25,0.0,208,67600.0,卖盘
10:23:23,3.25,0.0,40,13000.0,卖盘
10:23:26,3.25,0.0,28,9100.0,卖盘
10:23:29,3.25,0.0,251,81575.0,卖盘
10:23:33,3.25,0.0,207,67276.0,买盘
10:23:36,3.25,0.0,1,325.0,卖盘
10:23:39,3.25,0.0,3,975.0,卖盘
10:23:45,3.25,0.0,1,325.0,卖盘
10:23:51,3.25,0.0,163,52982.0,卖盘
10:23:54,3.25,0.0,422,137150.0,卖盘
10:23:57,3.26,0.009999999999999787,526,171461.0,买盘
10:24:01,3.26,0.0,211,68786.0,买盘
10:24:07,3.26,0.0,87,28362.0,买盘
10:24:10,3.26,0.0,72,23462.0,买盘
10:24:17,3.26,0.0,53,17278.0,买盘
10:24:20,3.26,0.0,50,16300.0,买盘
10:24:23,3.26,0.0,20,6520.0,买盘
10:24:27,3.26,0.0,25,8150.0,买盘
10:24:30,3.26,0.0,9,2934.0,买盘
10:24:33,3.26,0.0,17,5542.0,买盘
10:24:36,3.26,0.0,47,15322.0,买盘
10:24:39,3.26,0.0,56,18256.0,买盘
10:24:42,3.26,0.0,248,80843.0,买盘
10:24:45,3.26,0.0,4,1304.0,买盘
10:24:48,3.26,0.0,49,15974.0,买盘
10:24:51,3.26,0.0,12,3912.0,买盘
10:24:54,3.26,0.0,126,41076.0,买盘
10:24:57,3.26,0.0,3,979.0,卖盘
10:25:01,3.26,0.0,7,2285.0,卖盘
10:25:05,3.27,0.010000000000000231,6,1962.0,买盘
10:25:11,3.27,0.0,274,89598.0,买盘
10:25:14,3.27,0.0,13,4246.0,买盘
10:25:17,3.26,-0.010000000000000231,166,54181.0,卖盘
10:25:21,3.27,0.010000000000000231,12,3924.0,买盘
10:25:24,3.27,0.0,36,11772.0,买盘
10:25:30,3.27,0.0,54,17658.0,买盘
10:25:33,3.27,0.0,21,6867.0,买盘
10:25:36,3.27,0.0,96,31392.0,买盘
10:25:39,3.28,0.009999999999999787,2213,724649.0,买盘
10:25:45,3.28,0.0,51,16728.0,买盘
10:25:48,3.28,0.0,403,131784.0,买盘
10:25:52,3.28,0.0,49,16072.0,买盘
10:25:55,3.27,-0.009999999999999787,50,16350.0,卖盘
10:25:58,3.28,0.009999999999999787,22,7216.0,买盘
10:26:02,3.28,0.0,17,5576.0,买盘
10:26:08,3.28,0.0,50,16400.0,买盘
10:26:11,3.28,0.0,8,2624.0,买盘
10:26:18,3.27,-0.009999999999999787,506,165662.0,卖盘
10:26:24,3.28,0.009999999999999787,2,656.0,买盘
10:26:30,3.27,-0.009999999999999787,214,70095.0,卖盘
10:26:33,3.28,0.009999999999999787,82,26891.0,买盘
10:26:36,3.27,-0.009999999999999787,105,34335.0,卖盘
10:26:42,3.28,0.009999999999999787,2,656.0,买盘
10:26:46,3.27,-0.009999999999999787,39,12762.0,卖盘
10:26:49,3.27,0.0,10,3270.0,卖盘
10:26:51,3.27,0.0,72,23544.0,卖盘
10:26:54,3.28,0.009999999999999787,177,58056.0,买盘
10:26:58,3.28,0.0,43,14104.0,买盘
10:27:02,3.28,0.0,38,12464.0,买盘
10:27:05,3.27,-0.009999999999999787,134,43937.0,卖盘
10:27:08,3.28,0.009999999999999787,167,54773.0,买盘
10:27:11,3.28,0.0,107,35096.0,买盘
10:27:15,3.28,0.0,245,80319.0,买盘
10:27:18,3.28,0.0,86,28200.0,买盘
10:27:21,3.28,0.0,295,96759.0,买盘
10:27:24,3.27,-0.009999999999999787,65,21270.0,卖盘
10:27:27,3.28,0.009999999999999787,86,28208.0,买盘
10:27:30,3.28,0.0,9,2952.0,买盘
10:27:33,3.27,-0.009999999999999787,45,14715.0,卖盘
10:27:36,3.28,0.009999999999999787,45,14760.0,买盘
10:27:42,3.28,0.0,8,2624.0,买盘
10:27:45,3.28,0.0,360,117994.0,买盘
10:27:48,3.28,0.0,42,13776.0,买盘
10:27:56,3.28,0.0,10,3280.0,买盘
10:27:59,3.27,-0.009999999999999787,125,40875.0,卖盘
10:28:05,3.27,0.0,87,28523.0,卖盘
10:28:08,3.27,0.0,77,25210.0,卖盘
10:28:12,3.28,0.009999999999999787,130,42640.0,买盘
10:28:15,3.29,0.010000000000000231,3380,1109412.0,买盘
10:28:18,3.28,-0.010000000000000231,387,127315.0,卖盘
10:28:21,3.29,0.010000000000000231,3766,1239125.8599999994,买盘
10:28:24,3.3,0.009999999999999787,73,24082.0,买盘
10:28:27,3.3,0.0,1518,500938.0,买盘
10:28:30,3.3,0.0,256,84480.0,买盘
10:28:33,3.3,0.0,487,160710.0,买盘
10:28:36,3.3,0.0,11,3636.0,卖盘
10:28:39,3.31,0.010000000000000231,612,202572.0,买盘
10:28:43,3.31,0.0,217,71674.0,买盘
10:28:45,3.31,0.0,999,330659.0,买盘
10:28:48,3.31,0.0,1319,436589.0,买盘
10:28:53,3.31,0.0,1427,472252.0,买盘
10:28:58,3.32,0.009999999999999787,110,36518.0,买盘
10:29:02,3.32,0.0,1219,404688.0,买盘
10:29:05,3.33,0.010000000000000231,1065,353571.0,买盘
10:29:09,3.33,0.0,154,51282.0,买盘
10:29:11,3.33,0.0,127,42281.0,买盘
10:29:15,3.33,0.0,520,173113.0,买盘
10:29:18,3.33,0.0,872,289946.0,买盘
10:29:21,3.33,0.0,408,135834.0,买盘
10:29:24,3.33,0.0,1152,383556.0,买盘
10:29:27,3.33,0.0,1893,629213.0,买盘
10:29:30,3.33,0.0,379,126170.0,买盘
10:29:33,3.33,0.0,862,286982.0,买盘
10:29:36,3.33,0.0,552,183823.0,买盘
10:29:39,3.32,-0.010000000000000231,316,105227.0,卖盘
10:29:42,3.33,0.010000000000000231,305,101565.0,买盘
10:29:45,3.33,0.0,1192,396825.0,买盘
10:29:49,3.33,0.0,754,251082.0,卖盘
10:29:53,3.33,0.0,4433,1480295.0,卖盘
10:29:59,3.35,0.0,913,305842.0,买盘
10:30:02,3.35,0.0,1077,361377.0,买盘
10:30:05,3.35,0.0,588,196993.0,卖盘
10:30:09,3.36,0.009999999999999787,823,275764.0,买盘
10:30:12,3.35,-0.009999999999999787,176,58955.0,中性盘
10:30:15,3.35,0.0,702,235162.0,买盘
10:30:18,3.35,0.0,1093,366143.0,买盘
10:30:21,3.35,0.0,482,161684.0,卖盘
10:30:24,3.35,0.0,2898,970845.0,卖盘
10:30:27,3.35,0.0,249,83415.0,买盘
10:30:30,3.35,0.0,377,126294.0,买盘
10:30:33,3.34,-0.010000000000000231,325,108665.0,卖盘
10:30:36,3.34,0.0,303,101335.0,卖盘
10:30:40,3.34,0.0,589,197032.0,卖盘
10:30:43,3.34,0.0,225,75260.0,卖盘
10:30:46,3.35,0.010000000000000231,773,258451.0,买盘
10:30:50,3.33,-0.020000000000000018,1354,452872.0,卖盘
10:30:53,3.33,0.0,432,144120.0,卖盘
10:30:56,3.33,0.0,218,72762.0,卖盘
10:30:59,3.33,0.0,362,120894.0,卖盘
10:31:02,3.33,0.0,260,86667.0,卖盘
10:31:05,3.33,0.0,859,286800.0,卖盘
10:31:09,3.33,0.0,187,62314.0,卖盘
10:31:12,3.34,0.009999999999999787,812,271078.0,买盘
10:31:15,3.34,0.0,449,149947.0,买盘
10:31:18,3.35,0.010000000000000231,80,26740.0,买盘
10:31:21,3.34,-0.010000000000000231,209,69858.0,卖盘
10:31:24,3.35,0.010000000000000231,1394,466674.0,买盘
10:31:27,3.35,0.0,484,162035.0,买盘
10:31:30,3.35,0.0,601,201326.0,买盘
10:31:33,3.35,0.0,1080,361751.0,买盘
10:31:37,3.35,0.0,303,101499.0,买盘
10:31:40,3.34,-0.010000000000000231,832,278363.0,卖盘
10:31:44,3.35,0.010000000000000231,385,128975.0,买盘
10:31:47,3.35,0.0,749,250911.0,买盘
10:31:53,3.34,-0.010000000000000231,560,187062.0,卖盘
10:31:56,3.34,0.0,597,199900.0,卖盘
10:31:59,3.35,0.010000000000000231,1817,607434.0,买盘
10:32:02,3.34,-0.010000000000000231,4317,1442695.0,卖盘
10:32:06,3.35,0.010000000000000231,463,154681.0,买盘
10:32:09,3.35,0.0,316,105552.0,买盘
10:32:11,3.35,0.0,974,326220.0,买盘
10:32:15,3.35,0.0,474,158343.0,买盘
10:32:18,3.34,-0.010000000000000231,409,136860.0,卖盘
10:32:21,3.34,0.0,714,238922.0,卖盘
10:32:24,3.35,0.010000000000000231,163,54535.0,买盘
10:32:27,3.35,0.0,278,92940.0,买盘
10:32:31,3.34,-0.010000000000000231,370,123586.0,卖盘
10:32:33,3.35,0.010000000000000231,258,86393.0,买盘
10:32:36,3.34,-0.010000000000000231,350,116965.0,卖盘
10:32:40,3.34,0.0,272,90896.0,卖盘
10:32:43,3.34,0.0,197,65907.0,卖盘
10:32:47,3.34,0.0,293,97865.0,卖盘
10:32:50,3.34,0.0,548,183054.0,卖盘
10:32:53,3.34,0.0,168,56112.0,买盘
10:32:56,3.33,-0.009999999999999787,56,18695.0,卖盘
10:33:00,3.34,0.009999999999999787,82,27388.0,买盘
10:33:03,3.34,0.0,75,24998.0,买盘
10:33:06,3.34,0.0,362,120758.0,买盘
10:33:09,3.33,-0.009999999999999787,3618,1204735.0,卖盘
10:33:12,3.32,-0.010000000000000231,153,50849.0,卖盘
10:33:15,3.32,0.0,583,193743.0,卖盘
10:33:18,3.32,0.0,44,14614.0,卖盘
10:33:21,3.32,0.0,198,65738.0,卖盘
10:33:24,3.32,0.0,2002,663547.0,卖盘
10:33:28,3.31,-0.009999999999999787,138,45698.0,卖盘
10:33:31,3.31,0.0,26,8622.0,卖盘
10:33:34,3.32,0.009999999999999787,1650,547800.0,买盘
10:33:37,3.31,-0.009999999999999787,59,19559.0,卖盘
10:33:41,3.32,0.009999999999999787,18,5966.0,买盘
10:33:47,3.31,-0.009999999999999787,1,331.0,卖盘
10:33:50,3.32,0.009999999999999787,225,74693.0,买盘
10:33:53,3.32,0.0,129,42808.0,买盘
10:33:57,3.32,0.0,68,22576.0,买盘
10:34:00,3.32,0.0,795,263769.0,买盘
10:34:03,3.32,0.0,29,9628.0,卖盘
10:34:06,3.32,0.0,141,46812.0,卖盘
10:34:09,3.32,0.0,516,171487.0,卖盘
10:34:12,3.33,0.010000000000000231,73,24293.0,买盘
10:34:15,3.33,0.0,211,70251.0,买盘
10:34:18,3.33,0.0,307,102131.0,买盘
10:34:21,3.33,0.0,888,295694.0,买盘
10:34:24,3.33,0.0,1795,597685.0,买盘
10:34:28,3.33,0.0,31,10328.0,卖盘
10:34:31,3.33,0.0,60,19980.0,卖盘
10:34:34,3.34,0.009999999999999787,107,35723.0,买盘
10:34:37,3.34,0.0,78,26052.0,买盘
10:34:40,3.34,0.0,186,62121.0,买盘
10:34:44,3.34,0.0,11,3674.0,买盘
10:34:47,3.33,-0.009999999999999787,369,122877.0,卖盘
10:34:50,3.33,0.0,413,137537.0,卖盘
10:34:53,3.33,0.0,145,48285.0,买盘
10:34:57,3.33,0.0,531,176823.0,买盘
10:35:00,3.34,0.009999999999999787,48,16014.0,买盘
10:35:03,3.33,-0.009999999999999787,136,45288.0,卖盘
10:35:06,3.34,0.009999999999999787,198,65937.0,买盘
10:35:09,3.33,-0.009999999999999787,2387,794674.0,卖盘
10:35:12,3.33,0.0,804,267732.0,买盘
10:35:15,3.33,0.0,292,97256.0,卖盘
10:35:18,3.34,0.009999999999999787,524,175011.0,买盘
10:35:22,3.33,-0.009999999999999787,103,34342.0,卖盘
10:35:24,3.33,0.0,118,39297.0,卖盘
10:35:28,3.33,0.0,40,13320.0,卖盘
10:35:32,3.33,0.0,46,15319.0,卖盘
10:35:38,3.34,0.0,183,61010.0,买盘
10:35:41,3.33,-0.009999999999999787,241,80479.0,卖盘
10:35:44,3.34,0.009999999999999787,334,111522.0,买盘
10:35:48,3.33,-0.009999999999999787,47,15651.0,卖盘
10:35:51,3.33,0.0,702,233999.0,卖盘
10:35:54,3.34,0.009999999999999787,255,85150.0,买盘
10:35:57,3.33,-0.009999999999999787,252,83953.0,卖盘
10:36:00,3.34,0.009999999999999787,64,21376.0,买盘
10:36:03,3.34,0.0,486,162295.0,买盘
10:36:06,3.33,-0.009999999999999787,85,28306.0,卖盘
10:36:09,3.34,0.009999999999999787,283,94522.0,买盘
10:36:12,3.34,0.0,31,10354.0,买盘
10:36:16,3.34,0.0,251,83834.0,买盘
10:36:19,3.34,0.0,10,3340.0,买盘
10:36:22,3.34,0.0,1138,379296.0,买盘
10:36:26,3.34,0.0,176,58766.0,买盘
10:36:29,3.34,0.0,100,33400.0,买盘
10:36:32,3.34,0.0,270,90119.0,买盘
10:36:35,3.34,0.0,454,151593.0,买盘
10:36:38,3.34,0.0,417,139278.0,买盘
10:36:41,3.34,0.0,158,52742.0,买盘
10:36:45,3.34,0.0,26,8684.0,买盘
10:36:48,3.34,0.0,2,668.0,买盘
10:36:51,3.34,0.0,132,44088.0,买盘
10:36:54,3.34,0.0,1160,387440.0,买盘
10:36:57,3.34,0.0,204,68123.0,卖盘
10:37:00,3.34,0.0,1315,438947.0,买盘
10:37:06,3.33,-0.009999999999999787,858,286562.0,卖盘
10:37:10,3.34,0.009999999999999787,19,6346.0,买盘
10:37:13,3.34,0.0,15,5010.0,买盘
10:37:16,3.34,0.0,252,84158.0,买盘
10:37:19,3.34,0.0,629,209708.0,买盘
10:37:22,3.34,0.0,326,108644.0,买盘
10:37:26,3.33,-0.009999999999999787,232,77256.0,卖盘
10:37:29,3.33,0.0,757,252086.0,卖盘
10:37:32,3.33,0.0,355,118390.0,买盘
10:37:35,3.33,0.0,99,32967.0,卖盘
10:37:38,3.33,0.0,12,3996.0,买盘
10:37:42,3.33,0.0,151,50283.0,买盘
10:37:45,3.33,0.0,18,5978.0,买盘
10:37:48,3.33,0.0,116,38628.0,买盘
10:37:51,3.33,0.0,184,61272.0,卖盘
10:37:54,3.33,0.0,80,26640.0,买盘
10:37:57,3.33,0.0,37,12321.0,买盘
10:38:03,3.33,0.0,4,1332.0,买盘
10:38:06,3.32,-0.010000000000000231,40,13280.0,卖盘
10:38:10,3.33,0.010000000000000231,87,28941.0,买盘
10:38:12,3.33,0.0,8,2664.0,买盘
10:38:16,3.33,0.0,11,3663.0,买盘
10:38:20,3.32,-0.010000000000000231,31,10293.0,卖盘
10:38:26,3.33,0.0,116,38628.0,买盘
10:38:29,3.33,0.0,78,25974.0,买盘
10:38:32,3.32,-0.010000000000000231,161,53452.0,卖盘
10:38:35,3.33,0.010000000000000231,70,23260.0,买盘
10:38:39,3.33,0.0,26,8634.0,买盘
10:38:42,3.33,0.0,30,9990.0,买盘
10:38:45,3.33,0.0,77,25617.0,买盘
10:38:48,3.33,0.0,31,10323.0,买盘
10:38:51,3.32,-0.010000000000000231,64,21258.0,卖盘
10:38:54,3.33,0.010000000000000231,36,11987.0,买盘
10:38:57,3.33,0.0,11,3659.0,买盘
10:39:00,3.33,0.0,20,6660.0,买盘
10:39:03,3.33,0.0,172,57228.0,买盘
10:39:06,3.32,-0.010000000000000231,102,33864.0,卖盘
10:39:10,3.32,0.0,20,6640.0,卖盘
10:39:12,3.32,0.0,19,6308.0,卖盘
10:39:20,3.33,0.010000000000000231,20,6660.0,买盘
10:39:23,3.32,-0.010000000000000231,625,207500.0,卖盘
10:39:26,3.32,0.0,25,8300.0,卖盘
10:39:29,3.32,0.0,32,10624.0,卖盘
10:39:32,3.33,0.010000000000000231,1,333.0,买盘
10:39:36,3.32,-0.010000000000000231,32,10624.0,卖盘
10:39:39,3.32,0.0,56,18592.0,卖盘
10:39:42,3.32,0.0,2280,756960.0,卖盘
10:39:45,3.31,-0.009999999999999787,33,10950.0,卖盘
10:39:48,3.32,0.009999999999999787,26,8632.0,买盘
10:39:54,3.32,0.0,31,10281.0,买盘
10:39:57,3.31,-0.009999999999999787,119,39390.0,卖盘
10:40:04,3.31,0.0,2,662.0,卖盘
10:40:07,3.31,0.0,24,7944.0,卖盘
10:40:10,3.32,0.009999999999999787,19,6290.0,买盘
10:40:13,3.31,-0.009999999999999787,43,14263.0,卖盘
10:40:16,3.32,0.009999999999999787,521,172952.0,买盘
10:40:19,3.32,0.0,254,84228.0,买盘
10:40:22,3.31,-0.009999999999999787,188,62256.0,卖盘
10:40:26,3.31,0.0,1876,620956.0,卖盘
10:40:29,3.31,0.0,177,58587.0,卖盘
10:40:33,3.31,0.0,53,17543.0,卖盘
10:40:36,3.31,0.0,109,36121.0,卖盘
10:40:39,3.31,0.0,46,15226.0,卖盘
10:40:42,3.31,0.0,159,52632.0,卖盘
10:40:45,3.31,0.0,30,9930.0,买盘
10:40:51,3.3,-0.010000000000000231,161,53169.0,卖盘
10:40:54,3.31,0.010000000000000231,248,82088.0,买盘
10:40:58,3.31,0.0,36,11916.0,卖盘
10:41:01,3.32,0.009999999999999787,10,3316.0,买盘
10:41:04,3.31,-0.009999999999999787,20,6620.0,卖盘
10:41:07,3.31,0.0,33,10943.0,卖盘
10:41:14,3.32,0.009999999999999787,39,12948.0,买盘
10:41:17,3.32,0.0,31,10292.0,买盘
10:41:23,3.31,0.0,190,62890.0,卖盘
10:41:27,3.32,0.009999999999999787,1,332.0,买盘
10:41:30,3.31,-0.009999999999999787,105,34758.0,卖盘
10:41:36,3.32,0.009999999999999787,3,994.0,买盘
10:41:39,3.32,0.0,101,33432.0,买盘
10:41:42,3.32,0.0,21,6972.0,买盘
10:41:45,3.32,0.0,50,16600.0,买盘
10:41:51,3.31,-0.009999999999999787,14,4634.0,卖盘
10:41:55,3.32,0.009999999999999787,150,49800.0,买盘
10:42:01,3.31,-0.009999999999999787,122,40483.0,卖盘
10:42:05,3.31,0.0,22,7302.0,卖盘
10:42:11,3.31,0.0,11,3641.0,卖盘
10:42:14,3.32,0.009999999999999787,75,24900.0,买盘
10:42:19,3.32,0.0,696,231009.0,买盘
10:42:23,3.32,0.0,80,26560.0,买盘
10:42:27,3.31,-0.009999999999999787,109,36139.0,卖盘
10:42:30,3.32,0.009999999999999787,330,109560.0,买盘
10:42:33,3.31,-0.009999999999999787,129,42703.0,卖盘
10:42:36,3.32,0.009999999999999787,130,43160.0,买盘
10:42:39,3.32,0.0,34,11288.0,买盘
10:42:48,3.32,0.0,1,332.0,买盘
10:42:52,3.31,-0.009999999999999787,92,30452.0,卖盘
10:42:55,3.32,0.009999999999999787,5,1660.0,买盘
10:43:02,3.31,-0.009999999999999787,141,46792.0,卖盘
10:43:08,3.32,0.009999999999999787,46,15272.0,买盘
10:43:11,3.32,0.0,106,35192.0,买盘
10:43:14,3.32,0.0,3,996.0,买盘
10:43:18,3.32,0.0,824,273568.0,买盘
10:43:21,3.32,0.0,8,2656.0,卖盘
10:43:24,3.32,0.0,207,68726.0,卖盘
10:43:27,3.32,0.0,50,16600.0,卖盘
10:43:30,3.33,0.010000000000000231,5,1665.0,买盘
10:43:33,3.32,-0.010000000000000231,154,51128.0,卖盘
10:43:36,3.33,0.010000000000000231,32,10626.0,买盘
10:43:39,3.33,0.0,33,10989.0,买盘
10:43:49,3.32,-0.010000000000000231,501,166332.0,卖盘
10:43:52,3.32,0.0,31,10303.0,卖盘
10:43:55,3.33,0.010000000000000231,54,17980.0,买盘
10:43:59,3.33,0.0,49,16308.0,买盘
10:44:05,3.33,0.0,44,14650.0,买盘
10:44:08,3.32,-0.010000000000000231,10,3320.0,卖盘
10:44:11,3.32,0.0,521,173007.0,卖盘
10:44:15,3.32,0.0,9,2988.0,卖盘
10:44:18,3.32,0.0,105,34860.0,卖盘
10:44:21,3.33,0.010000000000000231,2,666.0,买盘
10:44:24,3.33,0.0,8,2664.0,买盘
10:44:30,3.32,-0.010000000000000231,51,16932.0,卖盘
10:44:33,3.33,0.010000000000000231,22,7326.0,买盘
10:44:36,3.33,0.0,206,68398.0,买盘
10:44:40,3.33,0.0,4,1332.0,买盘
10:44:43,3.32,-0.010000000000000231,73,24236.0,卖盘
10:44:46,3.32,0.0,6,1993.0,卖盘
10:44:49,3.32,0.0,15,4980.0,卖盘
10:44:53,3.32,0.0,629,208841.0,卖盘
10:44:56,3.32,0.0,4,1328.0,卖盘
10:45:02,3.33,0.010000000000000231,1372,455552.0,买盘
10:45:05,3.32,-0.010000000000000231,52,17247.0,中性盘
10:45:08,3.32,0.0,5,1660.0,买盘
10:45:12,3.32,0.0,31,10292.0,买盘
10:45:15,3.31,-0.009999999999999787,9,2979.0,卖盘
10:45:18,3.32,0.009999999999999787,77,25530.0,买盘
10:45:21,3.32,0.0,29,9620.0,买盘
10:45:24,3.32,0.0,132,43812.0,买盘
10:45:27,3.32,0.0,66,21912.0,买盘
10:45:30,3.32,0.0,54,17898.0,买盘
10:45:33,3.32,0.0,59,19588.0,买盘
10:45:37,3.32,0.0,6,1992.0,买盘
10:45:40,3.32,0.0,3,996.0,买盘
10:45:46,3.32,0.0,14,4648.0,买盘
10:45:49,3.32,0.0,309,102588.0,买盘
10:45:52,3.32,0.0,2,664.0,买盘
10:45:56,3.32,0.0,61,20202.0,买盘
10:45:59,3.32,0.0,11,3652.0,买盘
10:46:02,3.32,0.0,151,50122.0,买盘
10:46:06,3.32,0.0,3,996.0,买盘
10:46:15,3.32,0.0,41,13610.0,买盘
10:46:18,3.32,0.0,4,1328.0,买盘
10:46:21,3.32,0.0,73,24236.0,买盘
10:46:30,3.32,0.0,30,9960.0,买盘
10:46:37,3.32,0.0,108,35854.0,买盘
10:46:40,3.32,0.0,21,6972.0,买盘
10:46:47,3.32,0.0,1,332.0,买盘
10:46:50,3.32,0.0,101,33532.0,买盘
10:46:53,3.32,0.0,172,57104.0,买盘
10:46:56,3.32,0.0,45,14920.0,买盘
10:46:59,3.32,0.0,20,6640.0,买盘
10:47:03,3.32,0.0,349,115868.0,买盘
10:47:06,3.32,0.0,183,60738.0,买盘
10:47:08,3.32,0.0,525,174300.0,买盘
10:47:11,3.32,0.0,70,23240.0,卖盘
10:47:15,3.33,0.010000000000000231,152,50488.0,买盘
10:47:18,3.32,-0.010000000000000231,4,1328.0,卖盘
10:47:21,3.33,0.010000000000000231,25,8319.0,买盘
10:47:24,3.32,-0.010000000000000231,223,74157.0,卖盘
10:47:28,3.32,0.0,148,49161.0,卖盘
10:47:31,3.33,0.010000000000000231,156,51932.0,买盘
10:47:34,3.32,-0.010000000000000231,64,21251.0,卖盘
10:47:37,3.33,0.010000000000000231,15,4990.0,买盘
10:47:40,3.33,0.0,440,146511.0,买盘
10:47:44,3.33,0.0,125,41625.0,买盘
10:47:47,3.32,-0.010000000000000231,5,1664.0,卖盘
10:47:50,3.33,0.010000000000000231,237,78921.0,买盘
10:47:53,3.32,-0.010000000000000231,5,1660.0,卖盘
10:47:56,3.33,0.010000000000000231,26,8636.0,买盘
10:48:00,3.33,0.0,84,27972.0,买盘
10:48:03,3.32,-0.010000000000000231,10,3320.0,卖盘
10:48:06,3.32,0.0,427,141939.0,卖盘
10:48:09,3.33,0.010000000000000231,4,1332.0,买盘
10:48:12,3.33,0.0,564,187812.0,买盘
10:48:15,3.33,0.0,337,112100.0,买盘
10:48:18,3.33,0.0,824,274392.0,买盘
10:48:21,3.32,-0.010000000000000231,374,124480.0,卖盘
10:48:24,3.33,0.010000000000000231,1411,469713.0,买盘
10:48:28,3.32,-0.010000000000000231,150,49927.0,卖盘
10:48:31,3.33,0.010000000000000231,5,1665.0,买盘
10:48:33,3.33,0.0,42,13986.0,买盘
10:48:38,3.33,0.0,7,2331.0,买盘
10:48:41,3.33,0.0,15,4995.0,买盘
10:48:44,3.33,0.0,46,15318.0,买盘
10:48:47,3.33,0.0,9,2997.0,买盘
10:48:50,3.32,-0.010000000000000231,44,14647.0,卖盘
10:48:53,3.33,0.010000000000000231,11,3663.0,买盘
10:49:00,3.32,-0.010000000000000231,6,1997.0,卖盘
10:49:03,3.32,0.0,83,27615.0,卖盘
10:49:06,3.33,0.010000000000000231,89,29637.0,买盘
10:49:09,3.33,0.0,974,324314.0,买盘
10:49:15,3.33,0.0,122,40626.0,买盘
10:49:18,3.33,0.0,200,66600.0,买盘
10:49:22,3.33,0.0,51,16951.0,买盘
10:49:25,3.32,-0.010000000000000231,75,24974.0,卖盘
10:49:28,3.33,0.010000000000000231,84,27972.0,买盘
10:49:31,3.33,0.0,136,45257.0,买盘
10:49:35,3.33,0.0,334,111222.0,买盘
10:49:38,3.33,0.0,146,48617.0,买盘
10:49:41,3.33,0.0,740,246421.0,买盘
10:49:47,3.33,0.0,11,3663.0,卖盘
10:49:50,3.33,0.0,15,4995.0,卖盘
10:49:54,3.33,0.0,27,9002.0,卖盘
10:49:57,3.34,0.009999999999999787,217,72421.0,买盘
10:50:00,3.34,0.0,4,1336.0,买盘
10:50:03,3.33,-0.009999999999999787,11,3663.0,卖盘
10:50:06,3.33,0.0,2332,776556.0,卖盘
10:50:09,3.33,0.0,30,9990.0,买盘
10:50:15,3.32,-0.010000000000000231,165,54925.0,卖盘
10:50:19,3.32,0.0,7,2324.0,卖盘
10:50:22,3.33,0.010000000000000231,3,999.0,买盘
10:50:25,3.33,0.0,45,14985.0,买盘
10:50:29,3.33,0.0,26,8642.0,买盘
10:50:32,3.32,-0.010000000000000231,7,2324.0,卖盘
10:50:35,3.33,0.010000000000000231,50,16630.0,买盘
10:50:38,3.33,0.0,20,6660.0,买盘
10:50:41,3.33,0.0,21,6992.0,买盘
10:50:48,3.33,0.0,23,7659.0,买盘
10:50:54,3.33,0.0,50,16650.0,买盘
10:50:57,3.33,0.0,70,23310.0,买盘
10:51:00,3.33,0.0,392,130174.0,买盘
10:51:03,3.33,0.0,10,3329.0,买盘
10:51:06,3.33,0.0,10,3330.0,买盘
10:51:10,3.33,0.0,60,19980.0,买盘
10:51:13,3.33,0.0,235,78255.0,买盘
10:51:19,3.33,0.0,19,6327.0,买盘
10:51:22,3.33,0.0,14,4662.0,买盘
10:51:25,3.33,0.0,19,6327.0,买盘
10:51:29,3.33,0.0,3,999.0,买盘
10:51:32,3.33,0.0,16,5328.0,买盘
10:51:35,3.33,0.0,121,40293.0,买盘
10:51:39,3.33,0.0,189,62758.0,买盘
10:51:42,3.33,0.0,8,2664.0,买盘
10:51:48,3.33,0.0,131,43623.0,买盘
10:51:51,3.33,0.0,14,4662.0,买盘
10:51:54,3.32,-0.010000000000000231,5,1660.0,卖盘
10:52:03,3.33,0.010000000000000231,2,666.0,买盘
10:52:07,3.33,0.0,68,22644.0,买盘
10:52:12,3.33,0.0,71,23643.0,买盘
10:52:17,3.32,-0.010000000000000231,225,74744.0,卖盘
10:52:20,3.32,0.0,132,43850.0,卖盘
10:52:23,3.31,-0.009999999999999787,5279,1751544.0,卖盘
10:52:26,3.32,0.009999999999999787,2,664.0,买盘
10:52:29,3.32,0.0,193,63998.0,买盘
10:52:32,3.31,-0.009999999999999787,10,3310.0,卖盘
10:52:36,3.32,0.009999999999999787,223,74036.0,买盘
10:52:39,3.31,-0.009999999999999787,464,153584.0,卖盘
10:52:51,3.31,0.0,146,48462.0,卖盘
10:53:07,3.3,-0.010000000000000231,6959,2299027.0,卖盘
10:53:17,3.3,0.0,1,330.0,卖盘
10:53:20,3.3,0.0,2,660.0,卖盘
10:53:23,3.3,0.0,6,1980.0,卖盘
10:53:29,3.3,0.0,99,32670.0,卖盘
10:53:39,3.31,0.010000000000000231,58,19185.0,买盘
10:53:42,3.31,0.0,10,3310.0,买盘
10:53:45,3.31,0.0,1,331.0,买盘
10:53:48,3.31,0.0,18,5944.0,买盘
10:53:57,3.31,0.0,1,331.0,买盘
10:54:01,3.3,-0.010000000000000231,16,5295.0,卖盘
10:54:07,3.3,0.0,49,16190.0,卖盘
10:54:10,3.31,0.010000000000000231,3,993.0,买盘
10:54:17,3.31,0.0,22,7282.0,买盘
10:54:20,3.3,-0.010000000000000231,16,5286.0,卖盘
10:54:23,3.31,0.010000000000000231,5,1655.0,买盘
10:54:26,3.31,0.0,2,662.0,买盘
10:54:30,3.31,0.0,62,20522.0,买盘
10:54:33,3.3,-0.010000000000000231,5,1650.0,卖盘
10:54:36,3.31,0.010000000000000231,415,137357.0,买盘
10:54:39,3.3,-0.010000000000000231,1184,390720.0,卖盘
10:54:42,3.3,0.0,197,65010.0,买盘
10:54:45,3.3,0.0,397,131010.0,买盘
10:54:48,3.3,0.0,2,660.0,卖盘
10:54:58,3.31,0.010000000000000231,27,8937.0,买盘
10:55:04,3.31,0.0,60,19820.0,买盘
10:55:20,3.31,0.0,440,145216.0,买盘
10:55:23,3.31,0.0,10,3310.0,买盘
10:55:27,3.3,-0.010000000000000231,65,21450.0,卖盘
10:55:30,3.3,0.0,4,1320.0,卖盘
10:55:39,3.31,0.010000000000000231,50,16550.0,买盘
10:56:08,3.31,0.0,178,58918.0,买盘
10:56:11,3.31,0.0,216,71296.0,买盘
10:56:17,3.31,0.0,46,15226.0,买盘
10:56:30,3.31,0.0,4,1324.0,买盘
10:56:33,3.3,-0.010000000000000231,34,11246.0,卖盘
10:56:36,3.31,0.010000000000000231,114,37734.0,买盘
10:56:39,3.3,-0.010000000000000231,3,990.0,卖盘
10:56:46,3.3,0.0,2,660.0,卖盘
10:56:49,3.3,0.0,50,16500.0,卖盘
10:56:52,3.3,0.0,29,9594.0,卖盘
10:56:55,3.3,0.0,300,99058.0,卖盘
10:56:58,3.3,0.0,21,6950.0,卖盘
10:57:02,3.3,0.0,978,322918.0,卖盘
10:57:05,3.3,0.0,6,1980.0,卖盘
10:57:08,3.3,0.0,30,9900.0,卖盘
10:57:11,3.3,0.0,50,16500.0,卖盘
10:57:18,3.31,0.010000000000000231,15,4962.0,买盘
10:57:24,3.31,0.0,36,11916.0,买盘
10:57:27,3.3,-0.010000000000000231,114,37721.0,卖盘
10:57:30,3.3,0.0,1,330.0,卖盘
10:57:33,3.3,0.0,24,7920.0,卖盘
10:57:49,3.31,0.010000000000000231,21,6951.0,买盘
10:57:53,3.3,-0.010000000000000231,74,24420.0,卖盘
10:57:59,3.31,0.010000000000000231,85,28135.0,买盘
10:58:02,3.3,-0.010000000000000231,1,330.0,卖盘
10:58:05,3.31,0.010000000000000231,65,21500.0,买盘
10:58:08,3.3,-0.010000000000000231,20,6602.0,卖盘
10:58:12,3.31,0.010000000000000231,50,16550.0,买盘
10:58:18,3.3,-0.010000000000000231,47,15530.0,卖盘
10:58:21,3.3,0.0,70,23100.0,卖盘
10:58:24,3.3,0.0,5,1654.0,卖盘
10:58:27,3.31,0.010000000000000231,2,662.0,买盘
10:58:30,3.3,-0.010000000000000231,6,1980.0,卖盘
10:58:37,3.31,0.010000000000000231,13,4303.0,买盘
10:58:43,3.3,-0.010000000000000231,143,47190.0,卖盘
10:58:50,3.31,0.010000000000000231,115,38065.0,买盘
10:58:53,3.31,0.0,35,11585.0,买盘
10:58:56,3.31,0.0,20,6620.0,买盘
10:58:59,3.31,0.0,4,1324.0,买盘
10:59:02,3.31,0.0,20,6620.0,买盘
10:59:09,3.3,-0.010000000000000231,29,9570.0,卖盘
10:59:15,3.31,0.010000000000000231,134,44354.0,买盘
10:59:24,3.3,-0.010000000000000231,21,6930.0,卖盘
10:59:30,3.31,0.010000000000000231,122,40360.0,买盘
10:59:33,3.3,-0.010000000000000231,165,54512.0,卖盘
10:59:37,3.3,0.0,19,6270.0,卖盘
10:59:43,3.3,0.0,1,330.0,卖盘
10:59:53,3.3,0.0,9,2970.0,卖盘
10:59:56,3.31,0.010000000000000231,50,16550.0,买盘
10:59:59,3.3,-0.010000000000000231,183,60408.0,卖盘
11:00:06,3.3,0.0,1,330.0,卖盘
11:00:09,3.3,0.0,15,4950.0,卖盘
11:00:12,3.3,0.0,346,114180.0,卖盘
11:00:15,3.31,0.010000000000000231,404,133347.0,买盘
11:00:18,3.3,-0.010000000000000231,735,242600.0,卖盘
11:00:21,3.3,0.0,33,10900.0,中性盘
11:00:24,3.3,0.0,27,8910.0,买盘
11:00:27,3.3,0.0,6,1980.0,买盘
11:00:30,3.3,0.0,1,330.0,买盘
11:00:40,3.3,0.0,11,3629.0,买盘
11:00:43,3.3,0.0,23,7590.0,买盘
11:00:50,3.3,0.0,10,3300.0,买盘
11:00:53,3.3,0.0,919,302368.0,买盘
11:00:56,3.3,0.0,24,7920.0,买盘
11:00:59,3.3,0.0,27,8908.0,买盘
11:01:06,3.3,0.0,100,33000.0,买盘
11:01:09,3.29,-0.009999999999999787,260,85548.0,卖盘
11:01:12,3.3,0.009999999999999787,3,989.0,买盘
11:01:18,3.29,-0.009999999999999787,9,2961.0,卖盘
11:01:21,3.29,0.0,86,28322.0,卖盘
11:01:28,3.29,0.0,10,3299.0,卖盘
11:01:31,3.29,0.0,3,987.0,卖盘
11:01:34,3.29,0.0,30,9870.0,卖盘
11:01:37,3.29,0.0,15,4935.0,卖盘
11:01:39,3.3,0.009999999999999787,6,1980.0,买盘
11:01:43,3.29,-0.009999999999999787,3,987.0,卖盘
11:01:50,3.29,0.0,62,20398.0,卖盘
11:01:53,3.29,0.0,3,987.0,卖盘
11:01:56,3.29,0.0,3,987.0,卖盘
11:02:00,3.3,0.009999999999999787,10,3300.0,买盘
11:02:03,3.29,-0.009999999999999787,6,1974.0,卖盘
11:02:12,3.3,0.009999999999999787,21,6930.0,买盘
11:02:15,3.29,-0.009999999999999787,3,987.0,卖盘
11:02:18,3.29,0.0,795,261564.0,卖盘
11:02:22,3.3,0.009999999999999787,24,7897.0,买盘
11:02:24,3.3,0.0,83,27322.0,买盘
11:02:28,3.29,-0.009999999999999787,9,2961.0,卖盘
11:02:31,3.29,0.0,3,987.0,卖盘
11:02:34,3.28,-0.010000000000000231,2853,938483.1400000006,卖盘
11:02:38,3.28,0.0,3,984.0,卖盘
11:02:44,3.29,0.010000000000000231,1,329.0,买盘
11:02:50,3.29,0.0,6,1974.0,买盘
11:02:54,3.28,-0.010000000000000231,5,1642.0,卖盘
11:02:57,3.28,0.0,1,328.0,卖盘
11:03:00,3.28,0.0,1251,411336.0,卖盘
11:03:03,3.28,0.0,247,81231.65999999642,卖盘
11:03:06,3.28,0.0,15,4920.0,卖盘
11:03:09,3.29,0.010000000000000231,69,22701.0,买盘
11:03:12,3.29,0.0,32,10528.0,卖盘
11:03:15,3.29,0.0,3,987.0,卖盘
11:03:18,3.29,0.0,9,2961.0,卖盘
11:03:21,3.3,0.009999999999999787,7,2305.0,买盘
11:03:25,3.29,-0.009999999999999787,50,16450.0,卖盘
11:03:32,3.29,0.0,301,99046.0,卖盘
11:03:35,3.29,0.0,110,36190.0,卖盘
11:03:38,3.29,0.0,10,3290.0,卖盘
11:03:41,3.29,0.0,10,3290.0,卖盘
11:03:44,3.29,0.0,70,23030.0,卖盘
11:03:47,3.29,0.0,3,987.0,卖盘
11:03:51,3.29,0.0,62,20398.0,卖盘
11:03:54,3.29,0.0,91,29939.0,卖盘
11:03:57,3.29,0.0,35,11515.0,买盘
11:04:00,3.29,0.0,9,2961.0,卖盘
11:04:03,3.29,0.0,50,16450.0,卖盘
11:04:06,3.29,0.0,31,10199.0,卖盘
11:04:12,3.29,0.0,256,84224.0,卖盘
11:04:19,3.29,0.0,13,4274.0,买盘
11:04:22,3.29,0.0,61,20068.0,买盘
11:04:29,3.29,0.0,167,54943.0,买盘
11:04:32,3.28,-0.010000000000000231,3,984.0,卖盘
11:04:35,3.29,0.010000000000000231,18,5922.0,买盘
11:04:38,3.29,0.0,7,2303.0,买盘
11:04:42,3.28,-0.010000000000000231,100,32800.0,卖盘
11:04:45,3.29,0.010000000000000231,27,8880.0,买盘
11:04:48,3.29,0.0,30,9870.0,买盘
11:04:54,3.28,-0.010000000000000231,23,7564.0,卖盘
11:04:57,3.29,0.010000000000000231,100,32900.0,买盘
11:05:00,3.29,0.0,9,2961.0,买盘
11:05:03,3.29,0.0,33,10857.0,买盘
11:05:06,3.28,-0.010000000000000231,8,2629.0,卖盘
11:05:10,3.28,0.0,3,986.0,卖盘
11:05:13,3.29,0.010000000000000231,6,1974.0,买盘
11:05:16,3.28,-0.010000000000000231,19,6248.0,卖盘
11:05:19,3.29,0.010000000000000231,154,50571.0,买盘
11:05:26,3.29,0.0,26,8554.0,买盘
11:05:29,3.28,-0.010000000000000231,3,984.0,卖盘
11:05:32,3.28,0.0,2,657.0,卖盘
11:05:35,3.28,0.0,100,32880.0,卖盘
11:05:39,3.29,0.010000000000000231,16,5261.0,买盘
11:05:45,3.28,-0.010000000000000231,10,3280.0,卖盘
11:05:54,3.29,0.010000000000000231,104,34212.0,买盘
11:06:00,3.28,-0.010000000000000231,153,50334.0,卖盘
11:06:03,3.29,0.010000000000000231,61,20069.0,买盘
11:06:06,3.29,0.0,15,4935.0,买盘
11:06:13,3.28,-0.010000000000000231,47,15416.0,卖盘
11:06:23,3.29,0.010000000000000231,28,9212.0,买盘
11:06:26,3.28,-0.010000000000000231,10,3280.0,卖盘
11:06:33,3.29,0.010000000000000231,15,4935.0,买盘
11:06:39,3.29,0.0,100,32900.0,买盘
11:06:42,3.28,-0.010000000000000231,1,328.0,卖盘
11:06:45,3.29,0.010000000000000231,153,50337.0,买盘
11:06:48,3.29,0.0,18,5911.0,买盘
11:06:51,3.29,0.0,1,329.0,买盘
11:06:54,3.29,0.0,20,6580.0,买盘
11:07:00,3.29,0.0,11,3619.0,买盘
11:07:04,3.29,0.0,30,9870.0,买盘
11:07:11,3.28,-0.010000000000000231,9,2960.0,卖盘
11:07:16,3.28,-0.010000000000000231,1,328.0,卖盘
11:07:20,3.28,0.0,10,3287.0,卖盘
11:07:23,3.29,0.010000000000000231,22,7237.0,买盘
11:07:27,3.28,-0.010000000000000231,84,27552.0,卖盘
11:07:30,3.28,0.0,144,47249.0,卖盘
11:07:33,3.28,0.0,5,1640.0,卖盘
11:07:35,3.28,0.0,101,33128.0,卖盘
11:07:39,3.28,0.0,1,328.0,卖盘
11:07:42,3.28,0.0,61,20008.0,卖盘
11:07:51,3.28,0.0,52,17058.0,卖盘
11:07:54,3.28,0.0,3,984.0,卖盘
11:08:04,3.29,0.010000000000000231,20,6580.0,买盘
11:08:08,3.28,-0.010000000000000231,16,5261.0,卖盘
11:08:14,3.29,0.010000000000000231,1,329.0,买盘
11:08:17,3.28,-0.010000000000000231,3,984.0,卖盘
11:08:27,3.29,0.010000000000000231,15,4935.0,买盘
11:08:30,3.28,-0.010000000000000231,3,984.0,卖盘
11:08:36,3.28,0.0,44,14464.0,卖盘
11:08:39,3.28,0.0,19,6232.0,卖盘
11:08:42,3.29,0.010000000000000231,14,4606.0,买盘
11:08:52,3.28,-0.010000000000000231,3,984.0,卖盘
11:08:54,3.28,0.0,1,328.0,卖盘
11:09:01,3.28,0.0,55,18040.0,卖盘
11:09:05,3.28,0.0,10,3280.0,卖盘
11:09:08,3.28,0.0,29,9512.0,卖盘
11:09:14,3.28,0.0,54,17723.0,卖盘
11:09:17,3.28,0.0,8,2624.0,卖盘
11:09:21,3.28,0.0,83,27224.0,卖盘
11:09:27,3.28,0.0,5,1640.0,卖盘
11:09:30,3.28,0.0,3,984.0,卖盘
11:09:33,3.28,0.0,5,1640.0,卖盘
11:09:36,3.28,0.0,56,18368.0,卖盘
11:09:39,3.29,0.010000000000000231,4,1316.0,买盘
11:09:42,3.28,-0.010000000000000231,360,118180.0,卖盘
11:09:45,3.28,0.0,3,984.0,卖盘
11:09:49,3.28,0.0,100,32800.0,卖盘
11:09:52,3.28,0.0,54,17733.0,卖盘
11:09:58,3.28,0.0,3,984.0,卖盘
11:10:05,3.29,0.010000000000000231,60,19740.0,买盘
11:10:11,3.29,0.0,9,2953.0,买盘
11:10:14,3.28,-0.010000000000000231,3,984.0,卖盘
11:10:18,3.28,0.0,19,6232.0,卖盘
11:10:21,3.29,0.010000000000000231,15,4929.0,买盘
11:10:24,3.28,-0.010000000000000231,5,1640.0,卖盘
11:10:27,3.28,0.0,256,83968.0,卖盘
11:10:30,3.28,0.0,153,50199.0,卖盘
11:10:33,3.29,0.010000000000000231,77,25306.0,买盘
11:10:39,3.28,-0.010000000000000231,3,984.0,卖盘
11:10:43,3.29,0.010000000000000231,67,22043.0,买盘
11:10:46,3.29,0.0,3,987.0,买盘
11:10:49,3.28,-0.010000000000000231,10,3280.0,卖盘
11:10:52,3.29,0.010000000000000231,12,3948.0,买盘
11:11:12,3.28,-0.010000000000000231,1,328.0,卖盘
11:11:14,3.29,0.010000000000000231,23,7563.0,买盘
11:11:24,3.29,0.0,436,143344.0,买盘
11:11:27,3.28,-0.010000000000000231,250,82000.0,卖盘
11:11:33,3.28,0.0,6,1968.0,卖盘
11:11:40,3.28,0.0,385,126280.0,卖盘
11:11:46,3.28,0.0,66,21711.0,卖盘
11:11:50,3.28,0.0,45,14760.0,卖盘
11:11:53,3.28,0.0,8,2624.0,卖盘
11:11:56,3.28,0.0,621,204188.0,卖盘
11:11:59,3.29,0.010000000000000231,18,5907.0,买盘
11:12:15,3.29,0.0,8,2629.0,买盘
11:12:21,3.29,0.0,20,6580.0,买盘
11:12:24,3.29,0.0,164,53893.0,买盘
11:12:30,3.28,-0.010000000000000231,3,984.0,卖盘
11:12:37,3.29,0.010000000000000231,5,1645.0,买盘
11:12:40,3.29,0.0,203,66786.0,买盘
11:12:46,3.29,0.0,8,2629.0,买盘
11:12:49,3.29,0.0,3,987.0,买盘
11:12:56,3.29,0.0,15,4935.0,买盘
11:12:59,3.28,-0.010000000000000231,4,1312.0,卖盘
11:13:02,3.29,0.010000000000000231,109,35857.0,买盘
11:13:06,3.29,0.0,133,43726.0,买盘
11:13:09,3.28,-0.010000000000000231,3,984.0,卖盘
11:13:12,3.29,0.010000000000000231,30,9870.0,买盘
11:13:15,3.29,0.0,5,1645.0,买盘
11:13:18,3.28,-0.010000000000000231,3,984.0,卖盘
11:13:21,3.29,0.010000000000000231,2,657.0,买盘
11:13:27,3.29,0.0,20,6580.0,买盘
11:13:30,3.28,-0.010000000000000231,7,2296.0,卖盘
11:13:43,3.28,0.0,6,1968.0,卖盘
11:13:47,3.29,0.010000000000000231,116,38164.0,买盘
11:13:50,3.28,-0.010000000000000231,88,28864.0,卖盘
11:13:56,3.29,0.010000000000000231,110,36090.0,买盘
11:14:02,3.28,-0.010000000000000231,143,46904.0,卖盘
11:14:06,3.29,0.010000000000000231,10,3290.0,买盘
11:14:09,3.29,0.0,433,142425.0,买盘
11:14:12,3.29,0.0,21,6908.0,买盘
11:14:15,3.29,0.0,25,8225.0,买盘
11:14:18,3.28,-0.010000000000000231,26,8531.0,卖盘
11:14:24,3.29,0.010000000000000231,187,61523.0,买盘
11:14:27,3.29,0.0,269,88438.0,买盘
11:14:31,3.28,-0.010000000000000231,256,84044.0,卖盘
11:14:34,3.29,0.010000000000000231,114,37506.0,买盘
11:14:37,3.29,0.0,40,13157.0,买盘
11:14:43,3.29,0.0,780,256620.0,买盘
11:14:47,3.29,0.0,86,28294.0,买盘
11:14:52,3.29,0.0,10,3290.0,买盘
11:15:00,3.29,0.0,122,40138.0,买盘
11:15:03,3.29,0.0,7,2303.0,买盘
11:15:09,3.29,0.0,420,138180.0,买盘
11:15:12,3.29,0.0,19,6251.0,买盘
11:15:21,3.29,0.0,555,182545.0,买盘
11:15:27,3.28,-0.010000000000000231,1,328.0,卖盘
11:15:31,3.29,0.010000000000000231,28,9212.0,买盘
11:15:34,3.29,0.0,10,3290.0,买盘
11:15:41,3.29,0.0,13,4277.0,买盘
11:15:44,3.29,0.0,219,72051.0,买盘
11:15:47,3.29,0.0,64,21056.0,买盘
11:15:50,3.28,-0.010000000000000231,404,132716.0,卖盘
11:15:54,3.29,0.010000000000000231,224,73696.0,买盘
11:15:57,3.29,0.0,2,658.0,买盘
11:16:06,3.29,0.0,10,3290.0,买盘
11:16:09,3.29,0.0,97,31913.0,买盘
11:16:12,3.29,0.0,1,329.0,买盘
11:16:15,3.29,0.0,61,20069.0,买盘
11:16:18,3.29,0.0,45,14805.0,买盘
11:16:22,3.29,0.0,334,109886.0,买盘
11:16:24,3.28,-0.010000000000000231,81,26568.0,卖盘
11:16:28,3.29,0.010000000000000231,131,43099.0,买盘
11:16:32,3.29,0.0,7,2303.0,买盘
11:16:35,3.29,0.0,603,198387.0,买盘
11:16:38,3.29,0.0,320,105276.0,卖盘
11:16:41,3.29,0.0,286,94094.0,买盘
11:16:47,3.29,0.0,3,987.0,卖盘
11:16:51,3.29,0.0,1,329.0,卖盘
11:16:57,3.3,0.009999999999999787,37,12210.0,买盘
11:17:09,3.3,0.0,143,47143.0,买盘
11:17:16,3.29,-0.009999999999999787,193,63670.0,卖盘
11:17:19,3.3,0.009999999999999787,10,3300.0,买盘
11:17:22,3.3,0.0,1,330.0,买盘
11:17:25,3.3,0.0,14,4620.0,买盘
11:17:28,3.3,0.0,204,67320.0,买盘
11:17:32,3.3,0.0,2,660.0,买盘
11:17:41,3.3,0.0,263,86790.0,买盘
11:17:44,3.3,0.0,49,16140.0,买盘
11:17:48,3.3,0.0,2,660.0,买盘
11:17:54,3.3,0.0,549,180950.0,买盘
11:18:00,3.3,0.0,1609,530970.0,买盘
11:18:06,3.3,0.0,2,660.0,卖盘
11:18:09,3.31,0.010000000000000231,1175,388925.0,买盘
11:18:12,3.3,-0.010000000000000231,20,6610.0,卖盘
11:18:16,3.31,0.010000000000000231,91,30121.0,买盘
11:18:19,3.31,0.0,10,3310.0,买盘
11:18:29,3.31,0.0,62,20522.0,买盘
11:18:35,3.31,0.0,181,59911.0,买盘
11:18:38,3.31,0.0,305,100955.0,买盘
11:18:41,3.31,0.0,10,3310.0,买盘
11:18:45,3.31,0.0,693,229383.0,买盘
11:18:48,3.31,0.0,36,11916.0,买盘
11:18:51,3.31,0.0,19,6289.0,卖盘
11:18:54,3.31,0.0,23,7613.0,卖盘
11:19:00,3.32,0.009999999999999787,1,332.0,买盘
11:19:03,3.32,0.0,20,6640.0,买盘
11:19:07,3.32,0.0,143,47447.0,买盘
11:19:10,3.32,0.0,4,1328.0,买盘
11:19:13,3.32,0.0,118,39151.0,买盘
11:19:17,3.32,0.0,20,6640.0,买盘
11:19:20,3.32,0.0,198,65736.0,买盘
11:19:26,3.32,0.0,4,1328.0,买盘
11:19:29,3.31,-0.009999999999999787,13,4313.0,卖盘
11:19:33,3.32,0.009999999999999787,67,22244.0,买盘
11:19:36,3.32,0.0,1670,554438.0,买盘
11:19:39,3.32,0.0,15,4985.0,卖盘
11:19:42,3.32,0.0,10,3320.0,卖盘
11:19:45,3.32,0.0,31,10292.0,卖盘
11:19:48,3.33,0.010000000000000231,851,283359.0,买盘
11:19:58,3.33,0.0,2601,866411.0,买盘
11:20:01,3.33,0.0,37,12328.0,卖盘
11:20:04,3.33,0.0,35,11661.0,卖盘
11:20:07,3.33,0.0,198,66051.0,卖盘
11:20:10,3.34,0.009999999999999787,167,55773.0,买盘
11:20:17,3.33,-0.009999999999999787,529,176158.0,卖盘
11:20:20,3.33,0.0,508,169164.0,买盘
11:20:23,3.33,0.0,134,44622.0,卖盘
11:20:27,3.33,0.0,183,60939.0,买盘
11:20:30,3.33,0.0,41,13653.0,买盘
11:20:33,3.33,0.0,43,14316.0,买盘
11:20:36,3.33,0.0,500,166500.0,买盘
11:20:42,3.33,0.0,342,113764.0,买盘
11:20:45,3.33,0.0,276,91861.0,买盘
11:20:48,3.33,0.0,16,5327.0,买盘
11:20:51,3.33,0.0,343,114219.0,买盘
11:20:54,3.33,0.0,50,16650.0,买盘
11:20:58,3.33,0.0,212,70596.0,买盘
11:21:01,3.33,0.0,1,333.0,买盘
11:21:04,3.33,0.0,202,67252.0,买盘
11:21:07,3.33,0.0,622,207126.0,买盘
11:21:11,3.33,0.0,960,319680.0,买盘
11:21:14,3.33,0.0,148,49284.0,卖盘
11:21:17,3.33,0.0,52,17316.0,卖盘
11:21:20,3.33,0.0,7,2331.0,卖盘
11:21:24,3.33,0.0,25,8325.0,卖盘
11:21:27,3.33,0.0,72,23981.0,卖盘
11:21:30,3.33,0.0,305,101784.0,卖盘
11:21:32,3.34,0.009999999999999787,270,89912.0,买盘
11:21:36,3.34,0.0,309,103078.0,买盘
11:21:39,3.34,0.0,138,46064.0,买盘
11:21:42,3.33,-0.009999999999999787,350,116890.0,卖盘
11:21:48,3.34,0.009999999999999787,137,45669.0,买盘
11:21:52,3.34,0.0,175,58374.0,买盘
11:21:55,3.33,-0.009999999999999787,77,25645.0,卖盘
11:22:01,3.33,0.0,56,18694.0,卖盘
11:22:04,3.33,0.0,75,24975.0,卖盘
11:22:08,3.34,0.009999999999999787,2,667.0,买盘
11:22:11,3.33,-0.009999999999999787,1269,421734.0,卖盘
11:22:14,3.33,0.0,138,45954.0,买盘
11:22:18,3.33,0.0,1,333.0,买盘
11:22:21,3.33,0.0,203,67598.0,买盘
11:22:24,3.33,0.0,20,6660.0,买盘
11:22:27,3.33,0.0,10,3330.0,买盘
11:22:30,3.33,0.0,10,3330.0,买盘
11:22:33,3.32,-0.010000000000000231,213,70899.0,卖盘
11:22:36,3.32,0.0,52,17276.0,卖盘
11:22:39,3.32,0.0,40,13300.0,卖盘
11:22:42,3.33,0.010000000000000231,94,31242.0,买盘
11:22:46,3.33,0.0,73,24264.0,买盘
11:22:49,3.32,-0.010000000000000231,56,18592.0,卖盘
11:22:52,3.33,0.010000000000000231,46,15318.0,买盘
11:22:54,3.32,-0.010000000000000231,13,4319.0,卖盘
11:22:58,3.33,0.010000000000000231,20,6660.0,买盘
11:23:08,3.32,-0.010000000000000231,14,4648.0,卖盘
11:23:14,3.33,0.010000000000000231,37,12321.0,买盘
11:23:18,3.33,0.0,64,21251.0,买盘
11:23:21,3.31,-0.020000000000000018,385,127819.0,卖盘
11:23:24,3.32,0.009999999999999787,219,72708.0,买盘
11:23:27,3.32,0.0,28,9296.0,买盘
11:23:33,3.32,0.0,159,52788.0,买盘
11:23:36,3.32,0.0,21,6972.0,买盘
11:23:43,3.32,0.0,50,16600.0,买盘
11:23:46,3.32,0.0,48,15936.0,买盘
11:23:48,3.32,0.0,131,43492.0,买盘
11:23:53,3.32,0.0,10,3319.0,买盘
11:23:56,3.32,0.0,68,22576.0,买盘
11:24:02,3.32,0.0,10,3320.0,买盘
11:24:08,3.32,0.0,247,81975.0,买盘
11:24:12,3.32,0.0,761,252652.0,买盘
11:24:18,3.32,0.0,299,99268.0,买盘
11:24:21,3.32,0.0,44,14608.0,买盘
11:24:24,3.32,0.0,212,70384.0,买盘
11:24:27,3.32,0.0,73,24233.0,买盘
11:24:30,3.32,0.0,51,16886.0,买盘
11:24:34,3.32,0.0,1,332.0,买盘
11:24:47,3.31,-0.009999999999999787,49,16219.0,卖盘
11:24:50,3.32,0.009999999999999787,26,8632.0,买盘
11:24:56,3.32,0.0,1,332.0,买盘
11:24:59,3.31,-0.009999999999999787,17,5627.0,卖盘
11:25:06,3.32,0.009999999999999787,150,49800.0,买盘
11:25:09,3.32,0.0,10,3320.0,买盘
11:25:12,3.32,0.0,3,996.0,买盘
11:25:18,3.32,0.0,28,9296.0,买盘
11:25:21,3.31,-0.009999999999999787,37,12283.0,卖盘
11:25:27,3.32,0.009999999999999787,30,9960.0,买盘
11:25:30,3.32,0.0,100,33200.0,买盘
11:25:37,3.32,0.0,6,1992.0,买盘
11:25:40,3.32,0.0,670,222440.0,买盘
11:25:43,3.32,0.0,66,21912.0,卖盘
11:25:47,3.32,0.0,64,21248.0,卖盘
11:25:50,3.32,0.0,39,12948.0,卖盘
11:25:56,3.32,0.0,2,664.0,卖盘
11:25:59,3.32,0.0,4,1328.0,卖盘
11:26:03,3.33,0.010000000000000231,4390,1461870.0,买盘
11:26:06,3.33,0.0,9,2999.0,卖盘
11:26:09,3.33,0.0,8,2664.0,卖盘
11:26:12,3.34,0.009999999999999787,264,87986.0,买盘
11:26:15,3.33,-0.009999999999999787,23,7659.0,卖盘
11:26:18,3.34,0.009999999999999787,114,38024.0,买盘
11:26:21,3.33,-0.009999999999999787,20,6660.0,卖盘
11:26:24,3.33,0.0,354,118234.0,卖盘
11:26:28,3.34,0.009999999999999787,1,334.0,买盘
11:26:37,3.34,0.0,173,57692.0,买盘
11:26:41,3.34,0.0,122,40748.0,买盘
11:26:50,3.34,0.0,40,13360.0,买盘
11:26:53,3.33,-0.009999999999999787,91,30310.0,卖盘
11:26:56,3.34,0.009999999999999787,5,1670.0,买盘
11:27:00,3.34,0.0,110,36740.0,买盘
11:27:03,3.34,0.0,8,2672.0,买盘
11:27:06,3.34,0.0,14,4676.0,买盘
11:27:09,3.34,0.0,220,73476.0,买盘
11:27:12,3.33,-0.009999999999999787,41,13664.0,卖盘
11:27:15,3.33,0.0,20,6660.0,卖盘
11:27:18,3.34,0.009999999999999787,22,7348.0,买盘
11:27:21,3.34,0.0,74,24663.0,买盘
11:27:25,3.34,0.0,24,8016.0,买盘
11:27:28,3.33,-0.009999999999999787,261,87173.0,卖盘
11:27:34,3.33,0.0,19,6327.0,卖盘
11:27:37,3.34,0.009999999999999787,635,211555.0,买盘
11:27:40,3.34,0.0,101,33734.0,买盘
11:27:47,3.33,-0.009999999999999787,142,47286.0,卖盘
11:27:50,3.34,0.009999999999999787,43,14362.0,买盘
11:27:53,3.34,0.0,58,19335.0,买盘
11:27:57,3.34,0.0,560,187010.0,买盘
11:28:00,3.33,-0.009999999999999787,1,333.0,卖盘
11:28:03,3.34,0.009999999999999787,162,54108.0,买盘
11:28:06,3.34,0.0,246,82040.0,买盘
11:28:09,3.34,0.0,50,16700.0,买盘
11:28:12,3.34,0.0,70,23380.0,买盘
11:28:15,3.33,-0.009999999999999787,89,29716.0,卖盘
11:28:18,3.34,0.009999999999999787,771,257514.0,买盘
11:28:22,3.34,0.0,108,36072.0,买盘
11:28:25,3.34,0.0,458,152671.0,买盘
11:28:28,3.33,-0.009999999999999787,146,48763.0,卖盘
11:28:31,3.34,0.009999999999999787,601,200734.0,买盘
11:28:35,3.34,0.0,20,6680.0,买盘
11:28:38,3.34,0.0,91,30394.0,买盘
11:28:47,3.34,0.0,223,74482.0,买盘
11:28:50,3.34,0.0,85,28390.0,买盘
11:28:54,3.34,0.0,58,19372.0,买盘
11:28:57,3.34,0.0,312,104208.0,买盘
11:29:00,3.34,0.0,12,4008.0,买盘
11:29:03,3.34,0.0,65,21705.0,买盘
11:29:06,3.33,-0.009999999999999787,5,1665.0,卖盘
11:29:09,3.34,0.009999999999999787,180,60018.0,买盘
11:29:15,3.34,0.0,277,92518.0,买盘
11:29:18,3.34,0.0,1,334.0,买盘
11:29:25,3.34,0.0,37,12358.0,买盘
11:29:28,3.34,0.0,200,66723.0,买盘
11:29:32,3.34,0.0,301,100534.0,买盘
11:29:35,3.34,0.0,175,58443.0,买盘
11:29:38,3.33,-0.009999999999999787,32,10664.0,卖盘
11:29:41,3.33,0.0,162,54002.0,卖盘
11:29:44,3.34,0.009999999999999787,1,334.0,买盘
11:29:47,3.33,-0.009999999999999787,35,11660.0,卖盘
11:29:54,3.33,0.0,66,21978.0,卖盘
11:29:57,3.33,0.0,38,12690.0,卖盘
11:30:00,3.34,0.009999999999999787,350,116900.0,买盘
11:30:03,3.34,0.0,320,106880.0,买盘
13:00:03,3.33,-0.009999999999999787,595,198597.0,卖盘
13:00:06,3.35,0.020000000000000018,23079,7723708.219999999,买盘
13:00:09,3.35,0.0,3203,1071287.0,卖盘
13:00:12,3.35,0.0,287,96174.0,卖盘
13:00:15,3.34,-0.010000000000000231,1302,436117.0,卖盘
13:00:18,3.35,0.010000000000000231,523,174902.0,买盘
13:00:21,3.35,0.0,33,11055.0,买盘
13:00:24,3.35,0.0,115,38525.0,买盘
13:00:28,3.35,0.0,659,220541.0,买盘
13:00:31,3.35,0.0,230,77050.0,买盘
13:00:34,3.35,0.0,1881,630403.0,买盘
13:00:38,3.35,0.0,21,7035.0,卖盘
13:00:41,3.36,0.009999999999999787,58,19468.0,买盘
13:00:44,3.36,0.0,45,15094.0,买盘
13:00:47,3.35,-0.009999999999999787,60,20128.0,卖盘
13:00:50,3.36,0.009999999999999787,50,16758.0,买盘
13:00:53,3.36,0.0,72,24192.0,买盘
13:00:56,3.36,0.0,388,130268.0,买盘
13:01:00,3.36,0.0,23,7728.0,买盘
13:01:03,3.36,0.0,57,19152.0,买盘
13:01:06,3.36,0.0,1432,480836.0,买盘
13:01:09,3.36,0.0,85,28560.0,买盘
13:01:12,3.35,-0.009999999999999787,578,193748.0,卖盘
13:01:15,3.36,0.009999999999999787,19079,6406589.200000018,买盘
13:01:18,3.36,0.0,774,259958.0,买盘
13:01:21,3.36,0.0,2153,723395.0,买盘
13:01:25,3.36,0.0,565,189840.0,买盘
13:01:28,3.36,0.0,257,86352.0,买盘
13:01:31,3.36,0.0,1883,632956.7999999821,买盘
13:01:35,3.36,0.0,412,138733.0,卖盘
13:01:38,3.36,0.0,127,42677.0,卖盘
13:01:41,3.37,0.010000000000000231,259,87208.0,买盘
13:01:44,3.37,0.0,4550,1533350.0,买盘
13:01:47,3.37,0.0,867,291879.0,买盘
13:01:50,3.37,0.0,329,110843.0,买盘
13:01:53,3.37,0.0,936,315432.0,买盘
13:01:57,3.38,0.009999999999999787,253,85281.0,买盘
13:02:00,3.37,-0.009999999999999787,2316,780506.0,卖盘
13:02:03,3.37,0.0,729,245653.0,买盘
13:02:06,3.37,0.0,539,181637.0,买盘
13:02:09,3.37,0.0,834,281058.0,买盘
13:02:12,3.37,0.0,1700,572828.0,买盘
13:02:15,3.36,-0.010000000000000231,247,83234.0,卖盘
13:02:18,3.36,0.0,82,27594.0,卖盘
13:02:22,3.37,0.010000000000000231,152,51097.0,买盘
13:02:25,3.37,0.0,47,15797.0,买盘
13:02:28,3.37,0.0,134,45054.0,买盘
13:02:31,3.38,0.009999999999999787,2784,938508.0,买盘
13:02:35,3.37,-0.009999999999999787,299,100763.0,卖盘
13:02:38,3.37,0.0,1375,463504.0,卖盘
13:02:41,3.38,0.009999999999999787,593,200103.0,买盘
13:02:44,3.38,0.0,820,277160.0,买盘
13:02:47,3.38,0.0,1104,372732.0,买盘
13:02:50,3.38,0.0,539,182164.0,买盘
13:02:54,3.38,0.0,352,118976.0,买盘
13:02:57,3.38,0.0,1678,566151.0,买盘
13:03:00,3.38,0.0,1872,632531.0,买盘
13:03:03,3.38,0.0,1783,602414.0,买盘
13:03:06,3.38,0.0,264,89232.0,买盘
13:03:09,3.38,0.0,1550,523414.0,买盘
13:03:12,3.38,0.0,136,45953.0,买盘
13:03:15,3.38,0.0,385,130130.0,买盘
13:03:19,3.38,0.0,218,73676.0,买盘
13:03:22,3.38,0.0,361,122018.0,买盘
13:03:25,3.37,-0.009999999999999787,198,66826.0,卖盘
13:03:28,3.37,0.0,76,25687.0,卖盘
13:03:32,3.37,0.0,532,179464.0,卖盘
13:03:35,3.38,0.009999999999999787,1026,345814.0,买盘
13:03:38,3.37,-0.009999999999999787,227,76621.0,卖盘
13:03:41,3.37,0.0,745,251065.0,买盘
13:03:44,3.37,0.0,286,96301.0,买盘
13:03:47,3.37,0.0,450,151535.0,买盘
13:03:51,3.37,0.0,135,45478.0,买盘
13:03:54,3.36,-0.010000000000000231,107,35981.0,卖盘
13:03:57,3.36,0.0,901,302896.2000000179,卖盘
13:04:00,3.36,0.0,94,31584.0,买盘
13:04:03,3.36,0.0,212,71232.0,买盘
13:04:06,3.36,0.0,248,83398.19999998808,买盘
13:04:09,3.36,0.0,47,15782.0,买盘
13:04:12,3.36,0.0,41,13775.0,买盘
13:04:16,3.35,-0.009999999999999787,448,150212.0,卖盘
13:04:19,3.36,0.009999999999999787,18,6048.0,买盘
13:04:22,3.36,0.0,444,149184.0,买盘
13:04:25,3.36,0.0,300,100943.0,卖盘
13:04:29,3.36,0.0,121,40656.0,卖盘
13:04:32,3.36,0.0,181,60816.0,卖盘
13:04:35,3.36,0.0,2,672.0,卖盘
13:04:38,3.36,0.0,564,189604.0,卖盘
13:04:41,3.36,0.0,95,31971.0,卖盘
13:04:44,3.37,0.010000000000000231,5,1685.0,买盘
13:04:48,3.36,-0.010000000000000231,119,40023.0,卖盘
13:04:51,3.36,0.0,233,78310.0,卖盘
13:04:54,3.37,0.010000000000000231,99,33307.0,买盘
13:04:57,3.36,-0.010000000000000231,507,170359.0,卖盘
13:05:00,3.37,0.010000000000000231,360,121027.0,买盘
13:05:03,3.37,0.0,423,142238.0,买盘
13:05:06,3.36,-0.010000000000000231,9,3029.0,卖盘
13:05:09,3.36,0.0,80,26930.0,卖盘
13:05:13,3.37,0.010000000000000231,111,37407.0,买盘
13:05:19,3.37,0.0,501,168836.0,买盘
13:05:22,3.37,0.0,4,1348.0,买盘
13:05:26,3.36,-0.010000000000000231,150,50400.0,卖盘
13:05:29,3.37,0.010000000000000231,20,6740.0,买盘
13:05:32,3.36,-0.010000000000000231,34,11438.0,卖盘
13:05:35,3.36,0.0,284,95648.0,卖盘
13:05:41,3.37,0.010000000000000231,46,15483.0,买盘
13:05:45,3.36,-0.010000000000000231,5,1680.0,卖盘
13:05:48,3.37,0.010000000000000231,88,29656.0,买盘
13:05:51,3.37,0.0,2,674.0,买盘
13:05:54,3.37,0.0,490,165043.0,买盘
13:05:57,3.37,0.0,165,55493.0,买盘
13:06:00,3.37,0.0,77,25939.0,买盘
13:06:03,3.37,0.0,108,36396.0,买盘
13:06:09,3.37,0.0,3,1011.0,买盘
13:06:12,3.36,-0.010000000000000231,170,57269.0,卖盘
13:06:16,3.37,0.010000000000000231,57,19199.0,买盘
13:06:19,3.37,0.0,365,122857.0,买盘
13:06:23,3.37,0.0,153,51531.0,买盘
13:06:26,3.36,-0.010000000000000231,175,58859.0,卖盘
13:06:29,3.37,0.010000000000000231,309,103943.0,买盘
13:06:32,3.36,-0.010000000000000231,8,2688.0,卖盘
13:06:38,3.36,0.0,4,1344.0,卖盘
13:06:41,3.36,0.0,35,11760.0,卖盘
13:06:45,3.36,0.0,106,35622.0,卖盘
13:06:48,3.36,0.0,104,34946.0,卖盘
13:06:51,3.37,0.010000000000000231,1707,575242.0,买盘
13:06:54,3.37,0.0,288,96902.0,买盘
13:06:57,3.36,-0.010000000000000231,100,33600.0,卖盘
13:07:00,3.37,0.010000000000000231,568,191326.0,买盘
13:07:03,3.37,0.0,40,13480.0,买盘
13:07:09,3.37,0.0,53,17849.0,买盘
13:07:13,3.37,0.0,71,23927.0,买盘
13:07:16,3.37,0.0,57,19209.0,买盘
13:07:19,3.36,-0.010000000000000231,7,2356.0,卖盘
13:07:23,3.37,0.010000000000000231,90,30330.0,买盘
13:07:26,3.37,0.0,10,3370.0,买盘
13:07:29,3.36,-0.010000000000000231,78,26212.0,卖盘
13:07:35,3.37,0.010000000000000231,54,18158.0,买盘
13:07:38,3.36,-0.010000000000000231,241,81037.0,卖盘
13:07:41,3.36,0.0,1346,452335.0,卖盘
13:07:45,3.37,0.010000000000000231,433,145818.0,买盘
13:07:48,3.36,-0.010000000000000231,96,32256.0,卖盘
13:07:51,3.36,0.0,327,109902.0,卖盘
13:07:54,3.36,0.0,1110,372962.0,卖盘
13:07:57,3.36,0.0,520,174719.0,卖盘
13:08:00,3.36,0.0,227,76272.0,买盘
13:08:03,3.35,-0.009999999999999787,6,2010.0,卖盘
13:08:06,3.36,0.009999999999999787,71,23856.0,买盘
13:08:10,3.36,0.0,86,28896.0,买盘
13:08:12,3.36,0.0,2,672.0,买盘
13:08:20,3.35,-0.009999999999999787,31,10410.0,卖盘
13:08:23,3.36,0.009999999999999787,24,8056.0,买盘
13:08:26,3.35,-0.009999999999999787,19,6365.0,卖盘
13:08:29,3.35,0.0,15,5025.0,卖盘
13:08:32,3.36,0.009999999999999787,4,1344.0,买盘
13:08:39,3.35,-0.009999999999999787,13,4360.0,卖盘
13:08:42,3.35,0.0,120,40300.0,卖盘
13:08:48,3.35,0.0,65,21775.0,卖盘
13:08:51,3.35,0.0,80,26800.0,卖盘
13:08:54,3.35,0.0,451,151123.0,卖盘
13:08:57,3.35,0.0,33,11057.0,卖盘
13:09:03,3.35,0.0,111,37185.0,卖盘
13:09:07,3.35,0.0,59,19766.0,卖盘
13:09:10,3.35,0.0,15,5025.0,卖盘
13:09:13,3.35,0.0,263,88106.0,卖盘
13:09:17,3.36,0.009999999999999787,16,5366.0,买盘
13:09:20,3.35,-0.009999999999999787,261,87436.0,卖盘
13:09:23,3.35,0.0,97,32515.0,卖盘
13:09:26,3.36,0.009999999999999787,21,7036.0,买盘
13:09:30,3.36,0.0,23,7728.0,买盘
13:09:33,3.35,-0.009999999999999787,2,670.0,卖盘
13:09:36,3.36,0.009999999999999787,799,268054.0,买盘
13:09:39,3.36,0.0,93,31222.0,买盘
13:09:42,3.36,0.0,24,8064.0,买盘
13:09:45,3.36,0.0,369,123923.0,买盘
13:09:48,3.36,0.0,132,44352.0,买盘
13:09:51,3.36,0.0,10,3360.0,买盘
13:09:54,3.36,0.0,240,80538.0,买盘
13:09:58,3.36,0.0,345,115920.0,买盘
13:10:01,3.36,0.0,137,46032.0,买盘
13:10:04,3.36,0.0,68,22848.0,买盘
13:10:07,3.35,-0.009999999999999787,327,109822.0,卖盘
13:10:11,3.36,0.009999999999999787,4,1341.0,买盘
13:10:14,3.36,0.0,39,13093.0,买盘
13:10:17,3.36,0.0,204,68467.0,买盘
13:10:23,3.36,0.0,1490,500608.0,买盘
13:10:27,3.36,0.0,101,33936.0,买盘
13:10:30,3.36,0.0,169,56654.0,买盘
13:10:33,3.35,-0.009999999999999787,2,670.0,卖盘
13:10:36,3.36,0.009999999999999787,2,672.0,买盘
13:10:39,3.36,0.0,231,77606.0,买盘
13:10:42,3.36,0.0,33,11083.0,买盘
13:10:45,3.36,0.0,72,24153.0,买盘
13:10:48,3.35,-0.009999999999999787,12,4020.0,卖盘
13:10:51,3.35,0.0,39,13092.0,卖盘
13:11:01,3.35,0.0,198,66353.0,卖盘
13:11:04,3.36,0.009999999999999787,173,58128.0,买盘
13:11:08,3.35,-0.009999999999999787,6,2011.0,卖盘
13:11:11,3.36,0.009999999999999787,1,336.0,买盘
13:11:17,3.35,0.0,110,36901.0,卖盘
13:11:20,3.35,0.0,2,670.0,卖盘
13:11:23,3.35,0.0,152,51046.0,卖盘
13:11:27,3.35,0.0,146,48912.0,卖盘
13:11:30,3.36,0.009999999999999787,175,58800.0,买盘
13:11:33,3.35,-0.009999999999999787,342,114809.0,卖盘
13:11:36,3.36,0.009999999999999787,29,9744.0,买盘
13:11:39,3.35,-0.009999999999999787,641,215306.0,卖盘
13:11:42,3.36,0.009999999999999787,285,95732.0,买盘
13:11:45,3.36,0.0,525,176400.0,买盘
13:11:48,3.35,-0.009999999999999787,64,21449.0,卖盘
13:11:51,3.36,0.009999999999999787,931,312816.0,买盘
13:11:55,3.36,0.0,112,37632.0,卖盘
13:11:58,3.36,0.0,5,1680.0,卖盘
13:12:01,3.37,0.010000000000000231,12,4044.0,买盘
13:12:05,3.36,-0.010000000000000231,35,11767.0,卖盘
13:12:08,3.37,0.010000000000000231,85,28645.0,买盘
13:12:11,3.36,-0.010000000000000231,186,62646.0,卖盘
13:12:14,3.37,0.010000000000000231,230,77495.0,买盘
13:12:17,3.36,-0.010000000000000231,482,161983.0,卖盘
13:12:20,3.37,0.010000000000000231,234,78708.0,买盘
13:12:24,3.36,-0.010000000000000231,70,23521.0,卖盘
13:12:27,3.35,-0.009999999999999787,5130,1721298.0,卖盘
13:12:30,3.36,0.009999999999999787,178,59777.0,买盘
13:12:33,3.35,-0.009999999999999787,204,68538.0,卖盘
13:12:39,3.36,0.009999999999999787,36,12096.0,买盘
13:12:45,3.36,0.0,2384,800357.0,买盘
13:12:49,3.35,-0.009999999999999787,23,7727.0,卖盘
13:12:52,3.35,0.0,314,105442.0,卖盘
13:12:55,3.35,0.0,69,23183.0,卖盘
13:12:58,3.36,0.009999999999999787,12,4024.0,买盘
13:13:02,3.36,0.0,227,76271.0,买盘
13:13:08,3.36,0.0,8,2688.0,买盘
13:13:11,3.35,-0.009999999999999787,20,6700.0,卖盘
13:13:14,3.35,0.0,955,320015.40000000596,卖盘
13:13:17,3.35,0.0,260,87100.0,卖盘
13:13:21,3.35,0.0,594,198994.0,卖盘
13:13:24,3.35,0.0,342,114600.0,卖盘
13:13:27,3.35,0.0,97,32495.0,卖盘
13:13:30,3.36,0.009999999999999787,702,235450.3599999845,买盘
13:13:33,3.35,-0.009999999999999787,33,11054.0,买盘
13:13:36,3.35,0.0,108,36174.0,买盘
13:13:39,3.34,-0.010000000000000231,49,16413.0,卖盘
13:13:42,3.35,0.010000000000000231,375,125625.0,买盘
13:13:45,3.35,0.0,63,21105.0,买盘
13:13:49,3.35,0.0,77,25788.0,买盘
13:13:58,3.35,0.0,6,2010.0,买盘
13:14:02,3.35,0.0,3,1005.0,买盘
13:14:05,3.35,0.0,333,111554.0,买盘
13:14:08,3.35,0.0,31,10356.0,买盘
13:14:11,3.34,-0.010000000000000231,117,39094.0,卖盘
13:14:14,3.35,0.010000000000000231,112,37520.0,买盘
13:14:18,3.35,0.0,66,22048.0,买盘
13:14:21,3.34,-0.010000000000000231,87,29125.0,卖盘
13:14:24,3.34,0.0,2,668.0,卖盘
13:14:27,3.35,0.010000000000000231,226,75710.0,买盘
13:14:33,3.35,0.0,118,39417.0,买盘
13:14:36,3.35,0.0,588,196680.0,买盘
13:14:39,3.35,0.0,282,94456.0,买盘
13:14:42,3.35,0.0,134,44890.0,买盘
13:14:46,3.35,0.0,746,249910.0,买盘
13:14:49,3.35,0.0,324,108672.0,买盘
13:14:52,3.36,0.009999999999999787,139,46594.0,买盘
13:14:55,3.35,-0.009999999999999787,189,63352.0,卖盘
13:14:59,3.35,0.0,308,103230.0,卖盘
13:15:02,3.35,0.0,390,130788.0,卖盘
13:15:05,3.35,0.0,267,89449.0,卖盘
13:15:08,3.35,0.0,394,132046.0,买盘
13:15:11,3.35,0.0,384,128933.0,卖盘
13:15:14,3.36,0.009999999999999787,591,198576.0,买盘
13:15:18,3.36,0.0,679,228143.0,买盘
13:15:21,3.35,-0.009999999999999787,213,71536.0,卖盘
13:15:24,3.36,0.009999999999999787,514,172704.0,买盘
13:15:27,3.36,0.0,363,121969.0,买盘
13:15:30,3.36,0.0,3314,1108454.0,卖盘
13:15:33,3.36,0.0,484,162879.0,买盘
13:15:36,3.37,0.010000000000000231,456,153451.0,买盘
13:15:39,3.36,-0.010000000000000231,188,63168.0,买盘
13:15:43,3.36,0.0,83,27888.0,买盘
13:15:45,3.36,0.0,403,135407.0,买盘
13:15:49,3.36,0.0,278,93533.0,买盘
13:15:52,3.36,0.0,1,336.0,卖盘
13:15:59,3.37,0.010000000000000231,50,16850.0,买盘
13:16:02,3.36,-0.010000000000000231,119,40030.0,卖盘
13:16:05,3.37,0.010000000000000231,41,13817.0,买盘
13:16:08,3.37,0.0,71,23897.0,买盘
13:16:11,3.36,-0.010000000000000231,31,10416.0,卖盘
13:16:15,3.37,0.010000000000000231,46,15491.0,买盘
13:16:18,3.37,0.0,383,128801.0,买盘
13:16:21,3.36,-0.010000000000000231,6,2016.0,卖盘
13:16:24,3.37,0.010000000000000231,226,75982.0,买盘
13:16:27,3.36,-0.010000000000000231,873,293935.0,卖盘
13:16:30,3.36,0.0,751,252803.0,卖盘
13:16:33,3.36,0.0,1,336.0,卖盘
13:16:36,3.36,0.0,75,25200.0,卖盘
13:16:39,3.36,0.0,51,17136.0,卖盘
13:16:43,3.37,0.010000000000000231,653,219666.20000001788,买盘
13:16:46,3.36,-0.010000000000000231,221,74524.79999998212,卖盘
13:16:49,3.36,0.0,277,93191.80000001192,买盘
13:16:53,3.36,0.0,47,15792.0,买盘
13:16:56,3.36,0.0,26,8736.0,买盘
13:16:59,3.36,0.0,10,3360.0,买盘
13:17:05,3.36,0.0,522,175382.0,买盘
13:17:08,3.35,-0.009999999999999787,58,19430.0,卖盘
13:17:12,3.36,0.009999999999999787,167,56105.0,买盘
13:17:18,3.36,0.0,54,18110.0,买盘
13:17:21,3.36,0.0,16,5376.0,买盘
13:17:27,3.36,0.0,32,10750.0,买盘
13:17:30,3.35,-0.009999999999999787,241,80786.0,卖盘
13:17:33,3.36,0.009999999999999787,83,27888.0,买盘
13:17:37,3.36,0.0,86,28896.0,买盘
13:17:40,3.36,0.0,42,14106.0,买盘
13:17:46,3.36,0.0,18,6048.0,买盘
13:17:50,3.36,0.0,61,20496.0,买盘
13:17:53,3.36,0.0,84,28219.0,买盘
13:17:56,3.35,-0.009999999999999787,39,13089.0,卖盘
13:18:02,3.35,0.0,34,11390.0,卖盘
13:18:05,3.35,0.0,21,7051.0,卖盘
13:18:08,3.36,0.009999999999999787,43,14446.0,买盘
13:18:12,3.36,0.0,197,66192.0,买盘
13:18:15,3.36,0.0,62,20832.0,买盘
13:18:18,3.35,-0.009999999999999787,23,7705.0,卖盘
13:18:21,3.36,0.009999999999999787,8,2688.0,买盘
13:18:24,3.35,-0.009999999999999787,230,77131.0,卖盘
13:18:27,3.35,0.0,356,119614.0,卖盘
13:18:30,3.36,0.009999999999999787,129,43344.0,买盘
13:18:33,3.36,0.0,48,16128.0,买盘
13:18:36,3.36,0.0,148,49698.0,买盘
13:18:40,3.36,0.0,1600,537550.0,买盘
13:18:43,3.36,0.0,300,101041.0,卖盘
13:18:46,3.36,0.0,294,98989.0,卖盘
13:18:50,3.36,0.0,405,136458.0,卖盘
13:18:53,3.37,0.010000000000000231,108,36396.0,买盘
13:18:56,3.37,0.0,14,4718.0,买盘
13:18:59,3.37,0.0,30,10082.0,买盘
13:19:02,3.37,0.0,21,7072.0,买盘
13:19:05,3.37,0.0,17,5717.0,买盘
13:19:09,3.36,-0.010000000000000231,49,16483.0,卖盘
13:19:12,3.37,0.010000000000000231,163,54781.0,买盘
13:19:15,3.36,-0.010000000000000231,128,43083.0,卖盘
13:19:18,3.37,0.010000000000000231,174,58638.0,买盘
13:19:21,3.37,0.0,114,38418.0,买盘
13:19:24,3.36,-0.010000000000000231,325,109221.0,卖盘
13:19:27,3.37,0.010000000000000231,220,74028.0,买盘
13:19:30,3.36,-0.010000000000000231,245,82397.0,卖盘
13:19:34,3.37,0.010000000000000231,98,32996.0,买盘
13:19:37,3.36,-0.010000000000000231,34,11434.0,卖盘
13:19:40,3.37,0.010000000000000231,309,104033.0,买盘
13:19:43,3.37,0.0,105,35382.0,买盘
13:19:47,3.37,0.0,32,10754.0,买盘
13:19:50,3.37,0.0,47,15838.0,买盘
13:19:53,3.37,0.0,212,71343.0,买盘
13:19:56,3.37,0.0,57,19209.0,买盘
13:19:59,3.37,0.0,28,9436.0,买盘
13:20:02,3.36,-0.010000000000000231,51,17136.0,卖盘
13:20:06,3.37,0.010000000000000231,108,36393.0,买盘
13:20:09,3.35,-0.020000000000000018,1496,502506.0,卖盘
13:20:12,3.36,0.009999999999999787,894,299615.0,买盘
13:20:21,3.36,0.0,256,86013.0,买盘
13:20:24,3.36,0.0,367,123312.0,买盘
13:20:27,3.36,0.0,4,1342.0,买盘
13:20:30,3.36,0.0,224,75264.0,买盘
13:20:34,3.36,0.0,276,92530.0,买盘
13:20:37,3.36,0.0,104,34944.0,买盘
13:20:40,3.36,0.0,88,29568.0,买盘
13:20:44,3.36,0.0,3,1008.0,买盘
13:20:47,3.35,-0.009999999999999787,107,35852.0,卖盘
13:20:50,3.35,0.0,12,4020.0,卖盘
13:20:53,3.35,0.0,307,103137.0,卖盘
13:20:56,3.36,0.009999999999999787,111,37296.0,买盘
13:20:59,3.36,0.0,20,6720.0,买盘
13:21:02,3.36,0.0,21,7044.0,买盘
13:21:06,3.36,0.0,353,118299.0,买盘
13:21:09,3.36,0.0,110,36960.0,买盘
13:21:12,3.36,0.0,174,58351.0,买盘
13:21:15,3.35,-0.009999999999999787,197,65995.0,卖盘
13:21:18,3.35,0.0,61,20435.0,卖盘
13:21:21,3.35,0.0,1107,370903.0,卖盘
13:21:24,3.36,0.009999999999999787,366,122668.0,买盘
13:21:27,3.36,0.0,112,37625.0,买盘
13:21:30,3.35,-0.009999999999999787,335,112285.0,卖盘
13:21:34,3.35,0.0,242,81149.0,卖盘
13:21:37,3.35,0.0,51,17085.0,卖盘
13:21:40,3.35,0.0,208,69718.0,卖盘
13:21:47,3.35,0.0,257,86095.0,卖盘
13:21:50,3.35,0.0,259,86765.0,卖盘
13:21:53,3.35,0.0,39,13065.0,买盘
13:21:56,3.35,0.0,302,101170.0,买盘
13:21:59,3.35,0.0,113,37855.0,买盘
13:22:02,3.35,0.0,15,5025.0,买盘
13:22:06,3.35,0.0,5,1675.0,买盘
13:22:12,3.35,0.0,500,167500.0,买盘
13:22:15,3.35,0.0,355,118859.0,买盘
13:22:18,3.34,-0.010000000000000231,79,26421.0,卖盘
13:22:21,3.35,0.010000000000000231,19,6365.0,买盘
13:22:24,3.34,-0.010000000000000231,10,3340.0,卖盘
13:22:27,3.35,0.010000000000000231,141,47235.0,买盘
13:22:31,3.35,0.0,119,39854.0,买盘
13:22:34,3.35,0.0,119,39865.0,卖盘
13:22:37,3.35,0.0,2,670.0,买盘
13:22:40,3.34,-0.010000000000000231,27,9020.0,卖盘
13:22:44,3.35,0.010000000000000231,52,17420.0,买盘
13:22:47,3.35,0.0,11,3685.0,卖盘
13:22:50,3.35,0.0,16,5360.0,买盘
13:22:53,3.34,-0.010000000000000231,109,36441.0,卖盘
13:22:56,3.35,0.010000000000000231,76,25440.0,买盘
13:22:59,3.35,0.0,315,105525.0,卖盘
13:23:03,3.35,0.0,12,4020.0,卖盘
13:23:06,3.35,0.0,26,8712.0,卖盘
13:23:09,3.35,0.0,407,136683.0,卖盘
13:23:12,3.35,0.0,22,7370.0,卖盘
13:23:15,3.35,0.0,130,43550.0,卖盘
13:23:18,3.35,0.0,130,43650.0,卖盘
13:23:24,3.35,0.0,20,6700.0,卖盘
13:23:27,3.36,0.009999999999999787,11,3696.0,买盘
13:23:34,3.36,0.0,24,8064.0,买盘
13:23:40,3.36,0.0,4,1344.0,买盘
13:23:47,3.35,-0.009999999999999787,7,2347.0,卖盘
13:23:50,3.36,0.009999999999999787,22,7392.0,买盘
13:23:56,3.36,0.0,2,672.0,买盘
13:23:59,3.36,0.0,475,159290.0,买盘
13:24:03,3.36,0.0,44,14784.0,买盘
13:24:06,3.36,0.0,54,18144.0,买盘
13:24:09,3.36,0.0,60,20110.0,买盘
13:24:15,3.36,0.0,6,2016.0,买盘
13:24:18,3.36,0.0,434,145514.0,买盘
13:24:24,3.35,-0.009999999999999787,68,22780.0,卖盘
13:24:30,3.35,0.0,30,10050.0,卖盘
13:24:34,3.36,0.009999999999999787,2,672.0,买盘
13:24:37,3.36,0.0,3001,1008336.0,买盘
13:24:40,3.36,0.0,120,40320.0,买盘
13:24:44,3.36,0.0,3,1008.0,买盘
13:24:47,3.35,-0.009999999999999787,183,61431.0,卖盘
13:24:50,3.36,0.009999999999999787,83,27888.0,买盘
13:24:53,3.35,-0.009999999999999787,100,33500.0,卖盘
13:24:56,3.36,0.009999999999999787,91,30576.0,买盘
13:24:59,3.36,0.0,5,1680.0,买盘
13:25:03,3.36,0.0,135,45353.0,买盘
13:25:06,3.36,0.0,21,7056.0,买盘
13:25:09,3.36,0.0,40,13440.0,买盘
13:25:12,3.36,0.0,31,10416.0,买盘
13:25:15,3.36,0.0,10,3360.0,买盘
13:25:18,3.36,0.0,1237,415519.0,买盘
13:25:21,3.35,-0.009999999999999787,30,10050.0,卖盘
13:25:24,3.35,0.0,66,22143.0,卖盘
13:25:31,3.35,0.0,1091,366485.0,卖盘
13:25:34,3.35,0.0,162,54309.0,卖盘
13:25:37,3.35,0.0,1,335.0,卖盘
13:25:40,3.35,0.0,50,16750.0,卖盘
13:25:47,3.36,0.009999999999999787,10,3360.0,买盘
13:25:50,3.36,0.0,1,336.0,买盘
13:25:53,3.35,-0.009999999999999787,183,61385.0,卖盘
13:25:56,3.36,0.009999999999999787,31,10416.0,买盘
13:26:03,3.36,0.0,14,4704.0,买盘
13:26:06,3.36,0.0,711,238896.0,买盘
13:26:09,3.36,0.0,82,27552.0,买盘
13:26:12,3.36,0.0,50,16800.0,买盘
13:26:15,3.35,-0.009999999999999787,160,53620.0,卖盘
13:26:18,3.36,0.009999999999999787,556,186310.0,买盘
13:26:24,3.35,-0.009999999999999787,39,13069.0,卖盘
13:26:28,3.35,0.0,43,14428.0,卖盘
13:26:41,3.36,0.009999999999999787,81,27216.0,买盘
13:26:44,3.35,-0.009999999999999787,5,1675.0,卖盘
13:26:47,3.36,0.009999999999999787,10,3360.0,买盘
13:26:50,3.35,-0.009999999999999787,70,23458.0,卖盘
13:26:53,3.35,0.0,4,1340.0,卖盘
13:27:00,3.36,0.009999999999999787,12,4032.0,买盘
13:27:06,3.35,-0.009999999999999787,204,68340.0,卖盘
13:27:09,3.35,0.0,7,2345.0,卖盘
13:27:12,3.35,0.0,36,12060.0,卖盘
13:27:15,3.35,0.0,3,1005.0,卖盘
13:27:18,3.35,0.0,10,3351.0,卖盘
13:27:21,3.35,0.0,218,73247.0,卖盘
13:27:25,3.36,0.009999999999999787,303,101805.0,买盘
13:27:31,3.35,-0.009999999999999787,100,33500.0,卖盘
13:27:38,3.35,0.0,10,3350.0,卖盘
13:27:41,3.35,0.0,16,5366.0,卖盘
13:27:44,3.36,0.009999999999999787,86,28816.0,买盘
13:27:47,3.35,-0.009999999999999787,3,1005.0,卖盘
13:27:50,3.35,0.0,30,10050.0,卖盘
13:27:53,3.36,0.009999999999999787,81,27209.0,买盘
13:28:03,3.36,0.0,23,7728.0,买盘
13:28:06,3.35,-0.009999999999999787,199,66665.0,卖盘
13:28:09,3.35,0.0,191,63985.0,卖盘
13:28:12,3.35,0.0,161,54008.0,卖盘
13:28:15,3.36,0.009999999999999787,137,46024.0,买盘
13:28:18,3.36,0.0,1284,430142.0,买盘
13:28:22,3.35,-0.009999999999999787,159,53265.0,卖盘
13:28:25,3.35,0.0,661,221435.0,卖盘
13:28:28,3.36,0.009999999999999787,162,54280.0,买盘
13:28:31,3.36,0.0,123,41227.0,买盘
13:28:35,3.35,-0.009999999999999787,1,335.0,卖盘
13:28:38,3.35,0.0,34,11390.0,卖盘
13:28:41,3.36,0.009999999999999787,106,35615.0,买盘
13:28:44,3.36,0.0,175,58626.0,买盘
13:28:47,3.35,-0.009999999999999787,19,6365.0,卖盘
13:28:50,3.35,0.0,179,59965.0,卖盘
13:28:54,3.35,0.0,36,12060.0,卖盘
13:28:57,3.36,0.009999999999999787,37,12398.0,买盘
13:29:00,3.35,-0.009999999999999787,15,5025.0,卖盘
13:29:03,3.35,0.0,1,335.0,卖盘
13:29:06,3.35,0.0,129,43315.0,卖盘
13:29:09,3.35,0.0,250,83751.0,卖盘
13:29:12,3.35,0.0,21,7035.0,卖盘
13:29:15,3.35,0.0,14,4700.0,卖盘
13:29:19,3.35,0.0,19,6365.0,卖盘
13:29:22,3.35,0.0,18,6030.0,卖盘
13:29:25,3.35,0.0,36,12066.0,卖盘
13:29:28,3.35,0.0,814,272690.0,卖盘
13:29:32,3.35,0.0,1204,403340.0,卖盘
13:29:35,3.35,0.0,188,62980.0,卖盘
13:29:38,3.35,0.0,56,18773.0,卖盘
13:29:41,3.35,0.0,529,177215.0,卖盘
13:29:44,3.34,-0.010000000000000231,708,237043.0,卖盘
13:29:47,3.35,0.010000000000000231,70,23381.0,买盘
13:29:51,3.35,0.0,12,4020.0,买盘
13:29:57,3.35,0.0,580,194300.0,买盘
13:30:00,3.35,0.0,262,87770.0,卖盘
13:30:03,3.35,0.0,239,80065.0,卖盘
13:30:06,3.35,0.0,235,78658.0,卖盘
13:30:09,3.34,-0.010000000000000231,20,6690.0,卖盘
13:30:12,3.34,0.0,9,3006.0,卖盘
13:30:15,3.34,0.0,163,54442.0,卖盘
13:30:19,3.34,0.0,44,14696.0,卖盘
13:30:22,3.35,0.010000000000000231,140,46860.0,买盘
13:30:25,3.34,-0.010000000000000231,7,2338.0,卖盘
13:30:29,3.34,0.0,5,1670.0,卖盘
13:30:32,3.35,0.010000000000000231,3,1005.0,买盘
13:30:35,3.34,-0.010000000000000231,277,92723.0,卖盘
13:30:47,3.34,0.0,124,41416.0,卖盘
13:30:51,3.34,0.0,78,26052.0,卖盘
13:30:54,3.35,0.010000000000000231,14,4690.0,买盘
13:31:03,3.35,0.0,202,67619.0,买盘
13:31:09,3.35,0.0,128,42880.0,买盘
13:31:12,3.34,-0.010000000000000231,85,28392.0,卖盘
13:31:16,3.35,0.010000000000000231,1,335.0,买盘
13:31:19,3.35,0.0,52,17390.0,买盘
13:31:26,3.35,0.0,67,22430.0,买盘
13:31:29,3.35,0.0,52,17420.0,买盘
13:31:35,3.34,-0.010000000000000231,205,68607.0,卖盘
13:31:41,3.34,0.0,160,53470.0,卖盘
13:31:45,3.34,0.0,405,135270.0,卖盘
13:31:48,3.34,0.0,755,252170.0,卖盘
13:31:51,3.34,0.0,173,57783.0,卖盘
13:31:54,3.34,0.0,716,239144.0,卖盘
13:31:57,3.34,0.0,72,24048.0,卖盘
13:32:00,3.34,0.0,101,33734.0,卖盘
13:32:03,3.34,0.0,17,5678.0,买盘
13:32:09,3.34,0.0,25,8350.0,买盘
13:32:13,3.34,0.0,10,3340.0,买盘
13:32:16,3.33,-0.009999999999999787,60,20030.0,卖盘
13:32:19,3.33,0.0,95,31635.0,卖盘
13:32:23,3.33,0.0,46,15340.0,卖盘
13:32:26,3.34,0.009999999999999787,334,111232.0,买盘
13:32:29,3.34,0.0,147,49011.0,买盘
13:32:32,3.34,0.0,9,3006.0,买盘
13:32:35,3.34,0.0,10,3340.0,买盘
13:32:38,3.34,0.0,10,3340.0,买盘
13:32:42,3.33,-0.009999999999999787,66,22038.0,卖盘
13:32:45,3.34,0.009999999999999787,80,26692.0,买盘
13:32:48,3.34,0.0,303,101202.0,买盘
13:32:54,3.33,-0.009999999999999787,33,11005.0,卖盘
13:32:57,3.34,0.009999999999999787,5,1670.0,买盘
13:33:00,3.34,0.0,10,3340.0,买盘
13:33:03,3.34,0.0,125,41750.0,买盘
13:33:07,3.34,0.0,80,26704.0,买盘
13:33:10,3.34,0.0,15,5010.0,买盘
13:33:13,3.34,0.0,44,14696.0,买盘
13:33:23,3.34,0.0,3,1002.0,买盘
13:33:26,3.34,0.0,43,14352.0,买盘
13:33:29,3.34,0.0,5,1670.0,买盘
13:33:32,3.34,0.0,300,100200.0,买盘
13:33:36,3.34,0.0,15,5010.0,买盘
13:33:39,3.33,-0.009999999999999787,329,109753.0,卖盘
13:33:45,3.34,0.009999999999999787,25,8350.0,买盘
13:33:48,3.33,-0.009999999999999787,5,1665.0,卖盘
13:33:51,3.34,0.009999999999999787,43,14342.0,买盘
13:33:54,3.34,0.0,31,10354.0,买盘
13:33:57,3.34,0.0,5,1670.0,买盘
13:34:00,3.34,0.0,17,5678.0,买盘
13:34:04,3.34,0.0,87,29056.0,买盘
13:34:07,3.34,0.0,62,20667.0,买盘
13:34:14,3.34,0.0,83,27722.0,买盘
13:34:17,3.34,0.0,15,5010.0,买盘
13:34:23,3.34,0.0,12,4003.0,买盘
13:34:26,3.34,0.0,16,5344.0,买盘
13:34:33,3.34,0.0,177,59118.0,买盘
13:34:36,3.34,0.0,1,334.0,买盘
13:34:39,3.34,0.0,331,110554.0,买盘
13:34:42,3.34,0.0,149,49766.0,买盘
13:34:45,3.34,0.0,346,115564.0,买盘
13:34:48,3.34,0.0,93,31062.0,买盘
13:34:51,3.34,0.0,623,208081.0,买盘
13:34:54,3.34,0.0,9,3006.0,买盘
13:34:57,3.33,-0.009999999999999787,147,49093.0,卖盘
13:35:01,3.34,0.009999999999999787,11,3674.0,买盘
13:35:04,3.34,0.0,3,1002.0,买盘
13:35:07,3.34,0.0,18,6012.0,买盘
13:35:11,3.34,0.0,164,54776.0,买盘
13:35:17,3.34,0.0,1,334.0,买盘
13:35:20,3.33,-0.009999999999999787,9,2997.0,卖盘
13:35:23,3.34,0.009999999999999787,372,124248.0,买盘
13:35:26,3.33,-0.009999999999999787,36,12023.0,卖盘
13:35:30,3.34,0.009999999999999787,1,334.0,买盘
13:35:33,3.34,0.0,94,31396.0,买盘
13:35:36,3.34,0.0,27,9018.0,买盘
13:35:39,3.34,0.0,133,44422.0,买盘
13:35:42,3.34,0.0,175,58450.0,买盘
13:35:45,3.34,0.0,386,128924.0,买盘
13:35:48,3.34,0.0,247,82498.0,卖盘
13:35:51,3.34,0.0,1050,350700.0,卖盘
13:35:55,3.34,0.0,98,32732.0,卖盘
13:35:58,3.34,0.0,120,40146.79999998212,卖盘
13:36:01,3.34,0.0,39,13029.0,卖盘
13:36:05,3.34,0.0,79,26394.0,卖盘
13:36:08,3.34,0.0,35,11690.0,卖盘
13:36:11,3.35,0.010000000000000231,514,171731.0,买盘
13:36:14,3.34,-0.010000000000000231,71,23714.0,卖盘
13:36:17,3.34,0.0,7,2344.0,卖盘
13:36:24,3.35,0.010000000000000231,209,69815.0,买盘
13:36:27,3.35,0.0,26,8710.0,买盘
13:36:30,3.35,0.0,121,40535.0,买盘
13:36:33,3.35,0.0,69,23115.0,买盘
13:36:36,3.35,0.0,154,51590.0,买盘
13:36:39,3.35,0.0,29,9715.0,买盘
13:36:42,3.35,0.0,68,22780.0,买盘
13:36:45,3.35,0.0,142,47570.0,买盘
13:36:48,3.35,0.0,27,9045.0,买盘
13:36:52,3.35,0.0,29,9715.0,买盘
13:36:55,3.35,0.0,12,4020.0,买盘
13:36:58,3.35,0.0,18,6030.0,买盘
13:37:01,3.35,0.0,82,27470.0,买盘
13:37:05,3.35,0.0,34,11390.0,买盘
13:37:08,3.35,0.0,331,110885.0,买盘
13:37:11,3.35,0.0,39,13039.0,买盘
13:37:14,3.35,0.0,138,46230.0,买盘
13:37:17,3.34,-0.010000000000000231,134,44888.0,卖盘
13:37:20,3.34,0.0,50,16700.0,卖盘
13:37:24,3.35,0.010000000000000231,1,335.0,买盘
13:37:27,3.35,0.0,23,7705.0,买盘
13:37:30,3.35,0.0,207,69160.0,买盘
13:37:33,3.35,0.0,99,33165.0,买盘
13:37:36,3.35,0.0,66,22110.0,买盘
13:37:39,3.35,0.0,226,75710.0,买盘
13:37:42,3.35,0.0,25,8375.0,买盘
13:37:45,3.35,0.0,86,28810.0,买盘
13:37:48,3.35,0.0,145,48575.0,买盘
13:37:51,3.35,0.0,134,44890.0,买盘
13:37:55,3.35,0.0,516,172860.0,买盘
13:37:58,3.35,0.0,93,31152.0,买盘
13:38:02,3.35,0.0,10,3350.0,买盘
13:38:05,3.35,0.0,47,15748.0,买盘
13:38:08,3.35,0.0,266,89110.0,买盘
13:38:11,3.35,0.0,10,3350.0,卖盘
13:38:17,3.35,0.0,12,4020.0,卖盘
13:38:21,3.35,0.0,43,14405.0,卖盘
13:38:24,3.35,0.0,64,21440.0,卖盘
13:38:27,3.35,0.0,201,67335.0,卖盘
13:38:30,3.35,0.0,42,14070.0,卖盘
13:38:36,3.35,0.0,4,1340.0,卖盘
13:38:39,3.36,0.009999999999999787,218,73172.0,买盘
13:38:42,3.36,0.0,4,1344.0,买盘
13:38:45,3.36,0.0,170,57120.0,买盘
13:38:48,3.36,0.0,38,12768.0,买盘
13:38:52,3.36,0.0,58,19488.0,买盘
13:38:55,3.36,0.0,203,68198.0,买盘
13:38:58,3.36,0.0,318,106848.0,买盘
13:39:02,3.36,0.0,67,22512.0,买盘
13:39:05,3.36,0.0,24,8064.0,买盘
13:39:08,3.36,0.0,72,24163.0,买盘
13:39:11,3.36,0.0,1,336.0,买盘
13:39:14,3.36,0.0,358,119938.0,买盘
13:39:18,3.36,0.0,13,4366.0,买盘
13:39:21,3.36,0.0,47,15777.0,买盘
13:39:24,3.36,0.0,20,6720.0,买盘
13:39:27,3.36,0.0,49,16464.0,买盘
13:39:30,3.36,0.0,24,8064.0,买盘
13:39:33,3.36,0.0,296,99456.0,买盘
13:39:36,3.36,0.0,134,44926.0,买盘
13:39:39,3.36,0.0,65,21839.0,买盘
13:39:42,3.36,0.0,278,93408.0,买盘
13:39:45,3.36,0.0,206,69216.0,买盘
13:39:49,3.36,0.0,581,194715.0,买盘
13:39:52,3.36,0.0,60,20160.0,买盘
13:39:56,3.36,0.0,399,134064.0,买盘
13:39:59,3.36,0.0,146,49052.0,买盘
13:40:02,3.36,0.0,172,57792.0,买盘
13:40:05,3.36,0.0,57,19146.0,买盘
13:40:08,3.36,0.0,18,6048.0,买盘
13:40:11,3.36,0.0,37,12432.0,买盘
13:40:15,3.36,0.0,5,1680.0,买盘
13:40:18,3.36,0.0,43,14448.0,买盘
13:40:21,3.36,0.0,26,8736.0,买盘
13:40:24,3.36,0.0,3,1008.0,买盘
13:40:27,3.36,0.0,78,26206.0,买盘
13:40:30,3.35,-0.009999999999999787,2741,918311.0,卖盘
13:40:33,3.35,0.0,62,20769.0,买盘
13:40:36,3.35,0.0,26,8710.0,买盘
13:40:39,3.35,0.0,238,79730.0,买盘
13:40:43,3.35,0.0,41,13725.0,买盘
13:40:46,3.35,0.0,51,17085.0,买盘
13:40:49,3.35,0.0,27,9045.0,买盘
13:40:53,3.35,0.0,77,25795.0,买盘
13:40:56,3.35,0.0,117,39195.0,买盘
13:40:59,3.35,0.0,254,85090.0,买盘
13:41:02,3.35,0.0,65,21775.0,买盘
13:41:05,3.35,0.0,293,98155.0,买盘
13:41:08,3.35,0.0,367,122945.0,买盘
13:41:12,3.35,0.0,103,34503.0,买盘
13:41:14,3.35,0.0,253,84755.0,卖盘
13:41:18,3.35,0.0,109,36515.0,卖盘
13:41:21,3.35,0.0,27,9045.0,卖盘
13:41:24,3.35,0.0,24,8040.0,卖盘
13:41:27,3.35,0.0,132,44220.0,卖盘
13:41:30,3.35,0.0,1806,605029.0,卖盘
13:41:33,3.35,0.0,352,117912.0,卖盘
13:41:36,3.35,0.0,50,16724.0,买盘
13:41:39,3.35,0.0,236,79060.0,买盘
13:41:42,3.35,0.0,232,77720.0,买盘
13:41:46,3.35,0.0,47,15745.0,买盘
13:41:49,3.35,0.0,29,9715.0,买盘
13:41:53,3.35,0.0,35,11718.0,买盘
13:41:56,3.35,0.0,269,90115.0,买盘
13:41:59,3.35,0.0,20,6689.0,买盘
13:42:02,3.34,-0.010000000000000231,286,95789.0,卖盘
13:42:05,3.35,0.010000000000000231,43,14405.0,买盘
13:42:08,3.35,0.0,11,3685.0,买盘
13:42:12,3.35,0.0,13,4355.0,买盘
13:42:15,3.35,0.0,212,71020.0,买盘
13:42:18,3.35,0.0,7,2343.0,买盘
13:42:21,3.35,0.0,100,33500.0,卖盘
13:42:24,3.35,0.0,132,44220.0,卖盘
13:42:27,3.35,0.0,268,89797.0,卖盘
13:42:30,3.35,0.0,72,24120.0,卖盘
13:42:33,3.35,0.0,65,21775.0,卖盘
13:42:36,3.35,0.0,177,59405.0,卖盘
13:42:39,3.35,0.0,638,214028.0,卖盘
13:42:43,3.35,0.0,93,31155.0,卖盘
13:42:46,3.35,0.0,194,64990.0,卖盘
13:42:50,3.35,0.0,83,27831.0,卖盘
13:42:53,3.35,0.0,39,13065.0,卖盘
13:42:56,3.35,0.0,111,37185.0,卖盘
13:42:59,3.36,0.009999999999999787,273,91727.0,买盘
13:43:02,3.36,0.0,54,18094.0,买盘
13:43:05,3.36,0.0,35,11760.0,买盘
