成交时间,成交价,价格变动,成交量（手）,成交额（元）,性质
09:25:03,3.62,0.010000000000000231,20417,7390954.0,买盘
09:30:03,3.62,0.0,4009,1451016.0,买盘
09:30:06,3.62,0.0,24955,9052440.0,卖盘
09:30:09,3.61,-0.010000000000000231,1804,651104.0,中性盘
09:30:12,3.62,0.010000000000000231,675,243905.0,买盘
09:30:15,3.62,0.0,451,163039.0,买盘
09:30:19,3.61,-0.010000000000000231,1434,518160.0,卖盘
09:30:22,3.63,0.020000000000000018,653,236397.0,买盘
09:30:24,3.62,-0.009999999999999787,677,245287.0,卖盘
09:30:29,3.64,0.020000000000000018,1057,383062.0,买盘
09:30:35,3.61,-0.010000000000000231,837,303513.0,卖盘
09:30:38,3.62,0.010000000000000231,1066,387214.0,卖盘
09:30:41,3.63,0.009999999999999787,522,189756.0,中性盘
09:30:48,3.64,0.0,567,206290.0,买盘
09:30:51,3.64,0.0,651,236740.0,卖盘
09:30:54,3.64,0.0,1618,588515.0,卖盘
09:30:57,3.66,0.020000000000000018,2803,1023882.0,买盘
09:31:00,3.65,-0.010000000000000231,6789,2474402.0,卖盘
09:31:03,3.66,0.010000000000000231,12,4393.0,中性盘
09:31:06,3.66,0.0,1132,414044.5,卖盘
09:31:09,3.66,0.0,11852,4348580.5,买盘
09:31:12,3.66,0.0,2859,1046827.5,买盘
09:31:15,3.66,0.0,581,212885.0,买盘
09:31:18,3.67,0.009999999999999787,2023,742023.0,买盘
09:31:21,3.67,0.0,1448,530779.0,买盘
09:31:24,3.67,0.0,1092,400823.0,买盘
09:31:30,3.67,0.0,4142,1519674.0,卖盘
09:31:36,3.67,0.0,1062,389234.5,买盘
09:31:39,3.67,0.0,1782,653748.0,买盘
09:31:42,3.67,0.0,3378,1235385.5,买盘
09:31:45,3.66,-0.009999999999999787,729,266657.0,卖盘
09:31:48,3.65,-0.010000000000000231,3792,1388135.5,买盘
09:31:54,3.64,-0.009999999999999787,4206,1533136.0,卖盘
09:31:57,3.64,0.0,3239,1178190.0,买盘
09:32:00,3.66,0.020000000000000018,2435,885871.5,买盘
09:32:03,3.64,-0.020000000000000018,12225,4434870.5,卖盘
09:32:12,3.62,-0.020000000000000018,2443,883950.5,卖盘
09:32:15,3.61,-0.010000000000000231,1326,479779.0,卖盘
09:32:18,3.6,-0.009999999999999787,10528,3798424.0,卖盘
09:32:21,3.61,0.009999999999999787,575,207127.0,买盘
09:32:26,3.6,-0.009999999999999787,1407,506788.5,卖盘
09:32:31,3.61,0.0,1247,447630.5,买盘
09:32:35,3.59,-0.020000000000000018,603,216379.5,中性盘
09:32:39,3.56,-0.029999999999999805,7249,2584537.5,卖盘
09:32:42,3.53,-0.03000000000000025,1188,419941.5,卖盘
09:32:47,3.52,-0.009999999999999787,640,225568.5,卖盘
09:32:50,3.53,0.009999999999999787,6617,2323617.5,中性盘
09:32:54,3.54,0.010000000000000231,2321,818587.0,买盘
09:32:56,3.53,-0.010000000000000231,1417,499902.0,卖盘
09:33:00,3.54,0.010000000000000231,1675,591645.5,买盘
09:33:03,3.53,-0.010000000000000231,979,345066.5,卖盘
09:33:06,3.58,0.050000000000000266,2768,982999.0,买盘
09:33:09,3.6,0.020000000000000018,1618,580190.0,买盘
09:33:13,3.61,0.009999999999999787,1877,676770.5,买盘
09:33:15,3.6,-0.009999999999999787,1698,613524.0,中性盘
09:33:18,3.6,0.0,2793,1005899.0,中性盘
09:33:23,3.56,-0.040000000000000036,617,221148.0,卖盘
09:33:26,3.58,0.020000000000000018,419,149955.0,中性盘
09:33:29,3.58,0.0,1474,528027.0,卖盘
09:33:32,3.59,0.009999999999999787,1669,599694.0,买盘
09:33:35,3.6,0.010000000000000231,952,342334.0,买盘
09:33:39,3.61,0.009999999999999787,1500,541941.0,买盘
09:33:42,3.62,0.010000000000000231,704,255145.0,中性盘
09:33:45,3.62,0.0,731,264874.0,卖盘
09:33:48,3.62,0.0,426,154377.0,卖盘
09:33:51,3.62,0.0,2326,843335.0,卖盘
09:33:54,3.64,0.020000000000000018,2807,1019627.5,买盘
09:33:57,3.64,0.0,2626,956702.0,卖盘
09:34:03,3.65,0.009999999999999787,3107,1133281.5,买盘
09:34:09,3.63,-0.020000000000000018,4302,1569123.0,卖盘
09:34:12,3.62,-0.009999999999999787,1159,420683.0,卖盘
09:34:16,3.63,0.009999999999999787,1811,657192.0,买盘
09:34:20,3.63,0.0,1777,645691.0,买盘
09:34:23,3.61,-0.020000000000000018,564,204370.0,卖盘
09:34:26,3.62,0.010000000000000231,500,180954.0,买盘
09:34:29,3.61,-0.010000000000000231,933,337539.0,卖盘
09:34:32,3.61,0.0,2921,1054429.0,卖盘
09:34:35,3.61,0.0,206,74320.0,买盘
09:34:39,3.61,0.0,542,195675.0,买盘
09:34:42,3.62,0.010000000000000231,1429,516351.0,买盘
09:34:45,3.62,0.0,1167,422021.0,买盘
09:34:48,3.61,-0.010000000000000231,2535,915981.0,卖盘
09:34:51,3.62,0.010000000000000231,552,199466.0,买盘
09:34:54,3.6,-0.020000000000000018,426,154115.0,卖盘
09:34:57,3.6,0.0,862,310801.0,卖盘
09:35:00,3.6,0.0,2446,883586.0,卖盘
09:35:03,3.6,0.0,1773,639176.5,买盘
09:35:06,3.62,0.020000000000000018,826,298483.0,买盘
09:35:09,3.61,-0.010000000000000231,744,268400.0,卖盘
09:35:13,3.62,0.010000000000000231,697,252269.0,买盘
09:35:15,3.6,-0.020000000000000018,474,171250.0,卖盘
09:35:20,3.63,0.029999999999999805,323,116855.0,买盘
09:35:23,3.62,-0.009999999999999787,205,74100.0,卖盘
09:35:26,3.62,0.0,196,70961.0,买盘
09:35:29,3.61,-0.010000000000000231,203,73391.0,卖盘
09:35:32,3.62,0.010000000000000231,559,202290.0,买盘
09:35:36,3.62,0.0,1493,539640.0,买盘
09:35:39,3.61,-0.010000000000000231,228,82343.0,买盘
09:35:42,3.61,0.0,508,183385.0,买盘
09:35:45,3.61,0.0,1324,477809.0,买盘
09:35:48,3.6,-0.009999999999999787,937,338299.0,卖盘
09:35:51,3.61,0.009999999999999787,317,114423.0,买盘
09:35:54,3.6,-0.009999999999999787,283,102035.0,卖盘
09:35:57,3.6,0.0,649,233953.0,卖盘
09:36:00,3.61,0.009999999999999787,1592,573308.0,买盘
09:36:03,3.6,-0.009999999999999787,1161,418249.0,卖盘
09:36:06,3.61,0.009999999999999787,187,67397.5,买盘
09:36:09,3.59,-0.020000000000000018,459,165519.0,卖盘
09:36:14,3.6,0.010000000000000231,126,45363.0,中性盘
09:36:17,3.61,0.009999999999999787,489,176286.0,买盘
09:36:20,3.6,-0.009999999999999787,433,156070.0,买盘
09:36:23,3.6,0.0,451,162193.0,买盘
09:36:26,3.6,0.0,314,113040.0,买盘
09:36:29,3.6,0.0,117,42130.0,卖盘
09:36:33,3.6,0.0,850,305867.0,卖盘
09:36:36,3.6,0.0,375,134725.0,卖盘
09:36:39,3.59,-0.010000000000000231,233,83862.0,卖盘
09:36:42,3.6,0.010000000000000231,333,119780.0,买盘
09:36:45,3.59,-0.010000000000000231,299,107406.0,卖盘
09:36:48,3.59,0.0,625,224375.0,卖盘
09:36:51,3.59,0.0,370,132860.0,买盘
09:36:54,3.59,0.0,576,206635.0,卖盘
09:36:57,3.58,-0.009999999999999787,883,316775.0,卖盘
09:37:00,3.6,0.020000000000000018,1373,492745.0,买盘
09:37:03,3.58,-0.020000000000000018,4228,1514502.0,卖盘
09:37:11,3.57,-0.010000000000000231,2339,835392.0,卖盘
09:37:14,3.58,0.010000000000000231,597,213616.0,买盘
09:37:17,3.56,-0.020000000000000018,606,216717.0,卖盘
09:37:20,3.57,0.009999999999999787,815,290955.0,中性盘
09:37:23,3.56,-0.009999999999999787,541,192866.0,卖盘
09:37:26,3.56,0.0,929,331596.0,卖盘
09:37:29,3.57,0.009999999999999787,536,191478.0,中性盘
09:37:33,3.57,0.0,278,99018.0,卖盘
09:37:36,3.57,0.0,209,74484.0,买盘
09:37:39,3.57,0.0,260,92821.0,卖盘
09:37:42,3.57,0.0,390,139263.0,卖盘
09:37:45,3.57,0.0,1091,389589.0,卖盘
09:37:48,3.57,0.0,4301,1542152.0,卖盘
09:37:51,3.57,0.0,465,166005.0,卖盘
09:37:54,3.57,0.0,876,312833.0,卖盘
09:37:57,3.57,0.0,370,132066.0,卖盘
09:38:00,3.56,-0.009999999999999787,471,168097.0,卖盘
09:38:03,3.57,0.009999999999999787,3437,1223688.0,买盘
09:38:06,3.56,-0.009999999999999787,992,353186.0,卖盘
09:38:10,3.56,0.0,807,287473.0,买盘
09:38:14,3.57,0.009999999999999787,1829,653030.0,买盘
09:38:17,3.57,0.0,661,236098.0,中性盘
09:38:20,3.57,0.0,1434,511684.0,卖盘
09:38:23,3.57,0.0,276,98449.0,卖盘
09:38:26,3.58,0.010000000000000231,1018,363038.0,买盘
09:38:29,3.57,-0.010000000000000231,566,201718.0,卖盘
09:38:33,3.57,0.0,44,15698.0,买盘
09:38:36,3.56,-0.009999999999999787,333,118623.0,卖盘
09:38:39,3.56,0.0,507,180895.0,卖盘
09:38:42,3.56,0.0,780,277850.0,卖盘
09:38:45,3.56,0.0,527,187642.0,卖盘
09:38:48,3.56,0.0,112,39872.0,卖盘
09:38:51,3.56,0.0,165,58738.0,买盘
09:38:54,3.55,-0.010000000000000231,614,218443.0,卖盘
09:38:57,3.55,0.0,359,127579.0,卖盘
09:39:00,3.56,0.010000000000000231,294,104443.0,买盘
09:39:04,3.55,-0.010000000000000231,1555,552361.0,卖盘
09:39:06,3.56,0.010000000000000231,142,50494.0,买盘
09:39:11,3.56,0.0,804,285686.0,买盘
09:39:14,3.56,0.0,256,90935.0,买盘
09:39:17,3.55,-0.010000000000000231,669,237530.0,卖盘
09:39:20,3.55,0.0,158,56132.0,卖盘
09:39:23,3.55,0.0,1377,488790.0,卖盘
09:39:26,3.55,0.0,715,253808.0,买盘
09:39:29,3.55,0.0,1415,501897.0,买盘
09:39:33,3.54,-0.009999999999999787,2944,1045720.0,卖盘
09:39:36,3.55,0.009999999999999787,1438,511690.0,中性盘
09:39:39,3.56,0.010000000000000231,1724,615001.0,买盘
09:39:42,3.57,0.009999999999999787,492,174807.0,买盘
09:39:45,3.56,-0.009999999999999787,401,142581.0,买盘
09:39:48,3.56,0.0,134,47704.0,买盘
09:39:51,3.56,0.0,76,27056.0,卖盘
09:39:54,3.57,0.009999999999999787,700,249372.0,买盘
09:39:57,3.55,-0.020000000000000018,412,146285.0,卖盘
09:40:00,3.55,0.0,759,269585.0,卖盘
09:40:04,3.55,0.0,446,158446.0,买盘
09:40:11,3.57,0.020000000000000018,348,123953.0,买盘
09:40:14,3.55,-0.020000000000000018,216,76826.0,卖盘
09:40:17,3.57,0.020000000000000018,263,93687.0,买盘
09:40:20,3.56,-0.009999999999999787,1008,358138.0,中性盘
09:40:23,3.58,0.020000000000000018,1442,515452.0,买盘
09:40:26,3.6,0.020000000000000018,1001,360244.0,买盘
09:40:30,3.6,0.0,547,196870.0,买盘
09:40:33,3.6,0.0,3352,1203902.0,买盘
09:40:36,3.61,0.009999999999999787,2722,980658.0,买盘
09:40:39,3.62,0.010000000000000231,3563,1287109.5,买盘
09:40:42,3.62,0.0,2701,978017.0,买盘
09:40:45,3.62,0.0,1391,503864.0,卖盘
09:40:48,3.62,0.0,960,348157.0,卖盘
09:40:51,3.63,0.009999999999999787,687,249126.0,买盘
09:40:54,3.62,-0.009999999999999787,1093,395881.0,卖盘
09:40:57,3.63,0.009999999999999787,75,27200.0,买盘
09:41:00,3.62,-0.009999999999999787,363,131405.0,买盘
09:41:03,3.6,-0.020000000000000018,244,87677.0,卖盘
09:41:08,3.59,-0.010000000000000231,328,118024.0,中性盘
09:41:11,3.57,-0.020000000000000018,5141,1840097.0,卖盘
09:41:17,3.6,0.03000000000000025,1665,594765.0,买盘
09:41:20,3.59,-0.010000000000000231,205,73590.0,中性盘
09:41:23,3.58,-0.009999999999999787,111,39748.0,卖盘
09:41:26,3.58,0.0,76,27208.0,卖盘
09:41:30,3.58,0.0,67,23987.0,卖盘
09:41:33,3.59,0.009999999999999787,730,261849.0,买盘
09:41:36,3.58,-0.009999999999999787,243,87043.0,卖盘
09:41:39,3.58,0.0,392,140346.0,卖盘
09:41:42,3.57,-0.010000000000000231,225,80372.0,卖盘
09:41:45,3.58,0.010000000000000231,397,142103.0,买盘
09:41:48,3.57,-0.010000000000000231,121,43204.0,卖盘
09:41:51,3.58,0.010000000000000231,329,117599.0,买盘
09:41:54,3.58,0.0,472,168773.0,买盘
09:41:57,3.59,0.009999999999999787,2737,984154.0,买盘
09:42:01,3.59,0.0,220,78980.0,卖盘
09:42:04,3.59,0.0,122,43798.0,卖盘
09:42:08,3.59,0.0,54,19387.0,卖盘
09:42:11,3.58,-0.009999999999999787,215,77122.0,卖盘
09:42:14,3.59,0.009999999999999787,10,3585.0,买盘
09:42:17,3.58,-0.009999999999999787,71,25431.0,卖盘
09:42:20,3.59,0.009999999999999787,385,137940.0,买盘
09:42:24,3.59,0.0,173,62034.0,买盘
09:42:27,3.58,-0.009999999999999787,261,93538.0,卖盘
09:42:30,3.58,0.0,60,21480.0,卖盘
09:42:33,3.58,0.0,26,9315.0,卖盘
09:42:36,3.58,0.0,331,118503.0,卖盘
09:42:39,3.58,0.0,574,205779.0,买盘
09:42:42,3.59,0.009999999999999787,1568,562792.0,买盘
09:42:45,3.6,0.010000000000000231,669,240208.0,买盘
09:42:48,3.59,-0.010000000000000231,509,183135.0,卖盘
09:42:51,3.59,0.0,49,17617.0,卖盘
09:42:55,3.6,0.010000000000000231,765,274637.0,买盘
09:42:58,3.59,-0.010000000000000231,588,211092.0,卖盘
09:43:02,3.58,-0.009999999999999787,1,358.0,卖盘
09:43:05,3.59,0.009999999999999787,318,114116.0,买盘
09:43:08,3.59,0.0,127,45517.0,买盘
09:43:11,3.58,-0.009999999999999787,275,98450.0,卖盘
09:43:14,3.59,0.009999999999999787,127,45542.0,买盘
09:43:17,3.58,-0.009999999999999787,300,107415.0,卖盘
09:43:21,3.58,0.0,1494,534868.0,卖盘
09:43:24,3.58,0.0,88,31504.0,买盘
09:43:27,3.57,-0.010000000000000231,286,102111.0,卖盘
09:43:30,3.57,0.0,328,117116.0,卖盘
09:43:33,3.56,-0.009999999999999787,105,37470.0,卖盘
09:43:36,3.56,0.0,604,215402.0,卖盘
09:43:39,3.56,0.0,1332,474216.0,卖盘
09:43:42,3.56,0.0,769,273998.0,卖盘
09:43:45,3.56,0.0,256,91136.0,卖盘
09:43:48,3.55,-0.010000000000000231,1472,522599.0,卖盘
09:43:52,3.55,0.0,163,58025.0,卖盘
09:43:55,3.55,0.0,1275,452356.0,卖盘
09:43:59,3.56,0.010000000000000231,1225,436296.049999997,买盘
09:44:02,3.56,0.0,490,174681.0,卖盘
09:44:05,3.56,0.0,1016,361580.0,卖盘
09:44:08,3.58,0.020000000000000018,930,331427.0,买盘
09:44:11,3.56,-0.020000000000000018,1172,416381.0,卖盘
09:44:42,3.57,-0.010000000000000231,35,12495.0,卖盘
09:44:45,3.57,0.0,95,33937.0,卖盘
09:44:48,3.57,0.0,80,28560.0,卖盘
09:44:52,3.57,0.0,185,66157.0,卖盘
09:44:55,3.57,0.0,574,205076.0,卖盘
09:44:58,3.57,0.0,403,144072.0,卖盘
09:45:02,3.57,0.0,909,324513.0,卖盘
09:45:05,3.57,0.0,57,20349.0,卖盘
09:45:08,3.57,0.0,820,292753.0,卖盘
09:45:11,3.57,0.0,285,101745.0,卖盘
09:45:14,3.56,-0.009999999999999787,186,66227.0,卖盘
09:45:18,3.57,0.009999999999999787,45,16060.0,买盘
09:45:21,3.56,-0.009999999999999787,2642,941094.0,卖盘
09:45:24,3.56,0.0,1554,552210.0,中性盘
09:45:27,3.55,-0.010000000000000231,184,65345.0,卖盘
09:45:30,3.56,0.010000000000000231,250,88918.0,买盘
09:45:33,3.56,0.0,1191,423947.0,买盘
09:45:39,3.56,0.0,714,254157.0,买盘
09:45:42,3.56,0.0,665,236846.0,买盘
09:45:45,3.56,0.0,618,219950.0,买盘
09:45:49,3.56,0.0,376,133550.0,买盘
09:45:52,3.56,0.0,142,50509.0,买盘
09:45:56,3.56,0.0,214,76005.0,买盘
09:45:59,3.55,-0.010000000000000231,244,86634.0,卖盘
09:46:02,3.55,0.0,256,90946.0,卖盘
09:46:05,3.54,-0.009999999999999787,825,292826.0000000149,卖盘
09:46:08,3.56,0.020000000000000018,74,26293.0,买盘
09:46:11,3.55,-0.010000000000000231,107,37917.0,买盘
09:46:15,3.56,0.010000000000000231,1100,391244.0,买盘
09:46:18,3.56,0.0,111,39474.0,买盘
09:46:21,3.55,-0.010000000000000231,231,82136.0,卖盘
09:46:24,3.56,0.010000000000000231,342,121732.0,买盘
09:46:27,3.55,-0.010000000000000231,951,338001.0,卖盘
09:46:30,3.56,0.010000000000000231,141,50246.0,买盘
09:46:33,3.56,0.0,1640,583521.0,卖盘
09:46:36,3.57,0.009999999999999787,265,94355.0,买盘
09:46:39,3.55,-0.020000000000000018,2394,850279.0,卖盘
09:46:42,3.55,0.0,2930,1040150.0,买盘
09:46:45,3.55,0.0,426,151200.0,买盘
09:46:49,3.54,-0.009999999999999787,357,126478.0,卖盘
09:46:52,3.55,0.009999999999999787,143,50762.0,中性盘
09:46:56,3.54,-0.009999999999999787,195,69048.0,卖盘
09:46:59,3.54,0.0,1041,369492.0,卖盘
09:47:02,3.55,0.009999999999999787,483,171292.0,中性盘
09:47:05,3.54,-0.009999999999999787,213,75437.0,卖盘
09:47:08,3.54,0.0,496,175592.0,卖盘
09:47:11,3.55,0.009999999999999787,461,163195.0,买盘
09:47:15,3.55,0.0,413,146328.0,买盘
09:47:18,3.55,0.0,5867,2071611.0,买盘
09:47:21,3.54,-0.009999999999999787,76,26911.0,卖盘
09:47:24,3.54,0.0,787,278598.0,卖盘
09:47:27,3.55,0.009999999999999787,665,235622.0,买盘
09:47:30,3.54,-0.009999999999999787,482,170753.0,卖盘
09:47:33,3.54,0.0,155,54870.0,买盘
09:47:36,3.54,0.0,707,250113.0,买盘
09:47:39,3.54,0.0,618,218621.0,买盘
09:47:43,3.53,-0.010000000000000231,1181,417616.0,卖盘
09:47:46,3.54,0.010000000000000231,6266,2208673.0,买盘
09:47:50,3.54,0.0,568,200980.0,中性盘
09:47:53,3.53,-0.010000000000000231,5930,2082230.0,卖盘
09:47:56,3.53,0.0,291,102723.0,买盘
09:47:59,3.53,0.0,204,72010.0,买盘
09:48:02,3.52,-0.009999999999999787,803,283571.0,卖盘
09:48:05,3.54,0.020000000000000018,994,350899.0,买盘
09:48:08,3.54,0.0,1341,473714.0,买盘
09:48:12,3.55,0.009999999999999787,774,274282.0,买盘
09:48:15,3.55,0.0,519,184166.0,买盘
09:48:18,3.55,0.0,271,96080.0,买盘
09:48:21,3.56,0.010000000000000231,2224,789717.0,买盘
09:48:24,3.55,-0.010000000000000231,79,28114.0,卖盘
09:48:27,3.56,0.010000000000000231,150,53306.0,买盘
09:48:30,3.55,-0.010000000000000231,168,59645.0,卖盘
09:48:33,3.55,0.0,108,38341.0,卖盘
09:48:36,3.55,0.0,135,47930.0,卖盘
09:48:39,3.55,0.0,734,260581.0,卖盘
09:48:43,3.55,0.0,623,221268.0,买盘
09:48:46,3.55,0.0,3395,1204307.0,卖盘
09:48:50,3.55,0.0,487,172880.0,买盘
09:48:53,3.55,0.0,1994,709668.0,买盘
09:48:56,3.56,0.010000000000000231,459,163059.0,买盘
09:48:59,3.55,-0.010000000000000231,611,216970.0,卖盘
09:49:02,3.56,0.010000000000000231,222,79032.0,中性盘
09:49:05,3.56,0.0,50,17800.0,卖盘
09:49:08,3.57,0.009999999999999787,279,99394.0,买盘
09:49:12,3.57,0.0,658,234580.0,买盘
09:49:15,3.55,-0.020000000000000018,121,42991.0,卖盘
09:49:18,3.56,0.010000000000000231,176,62482.0,买盘
09:49:21,3.55,-0.010000000000000231,205,72775.0,卖盘
09:49:24,3.55,0.0,586,208447.0,卖盘
09:49:27,3.55,0.0,324,115020.0,买盘
09:49:30,3.55,0.0,304,107841.0,买盘
09:49:33,3.55,0.0,626,221692.0,买盘
09:49:36,3.55,0.0,1158,410767.0,买盘
09:49:39,3.56,0.010000000000000231,566,201319.0,买盘
09:49:43,3.55,-0.010000000000000231,1199,426112.0,卖盘
09:49:46,3.54,-0.009999999999999787,3477,1230351.0,卖盘
09:49:50,3.54,0.0,2162,765348.0,买盘
09:49:53,3.52,-0.020000000000000018,2919,1030717.0,卖盘
09:49:56,3.53,0.009999999999999787,336,118928.0,中性盘
09:49:59,3.53,0.0,229,80897.0,卖盘
09:50:02,3.53,0.0,281,99151.0,卖盘
09:50:05,3.54,0.010000000000000231,753,265665.0,买盘
09:50:08,3.56,0.020000000000000018,4134,1463247.0,买盘
09:50:12,3.56,0.0,813,289207.0,买盘
09:50:15,3.56,0.0,501,178704.0,卖盘
09:50:18,3.57,0.009999999999999787,1565,558487.0,买盘
09:50:21,3.56,-0.009999999999999787,354,126026.0,卖盘
09:50:24,3.56,0.0,70,24920.0,买盘
09:50:27,3.56,0.0,184,65497.0,买盘
09:50:30,3.56,0.0,349,124441.0,中性盘
09:50:33,3.57,0.009999999999999787,1466,523218.0,买盘
09:50:36,3.57,0.0,370,132290.0,卖盘
09:50:39,3.58,0.010000000000000231,994,355721.0,买盘
09:50:43,3.58,0.0,1368,490905.0,买盘
09:50:46,3.58,0.0,68,24344.0,卖盘
09:50:50,3.58,0.0,9,3222.0,卖盘
09:50:53,3.58,0.0,188,67304.0,卖盘
09:50:56,3.58,0.0,930,332310.0,买盘
09:50:59,3.57,-0.010000000000000231,736,262811.0,卖盘
09:51:02,3.57,0.0,1808,645452.0,卖盘
09:51:05,3.57,0.0,6,2142.0,买盘
09:51:08,3.57,0.0,140,49974.0,买盘
09:51:12,3.57,0.0,490,174837.0,买盘
09:51:15,3.58,0.010000000000000231,1399,499995.0,买盘
09:51:18,3.58,0.0,700,250567.0,买盘
09:51:21,3.57,-0.010000000000000231,710,253747.0,卖盘
09:51:24,3.57,0.0,287,102459.0,卖盘
09:51:27,3.57,0.0,88,31501.0,卖盘
09:51:30,3.58,0.010000000000000231,504,179909.0,买盘
09:51:33,3.57,-0.010000000000000231,69,24633.0,中性盘
09:51:36,3.58,0.010000000000000231,50,17870.0,买盘
09:51:40,3.58,0.0,50,17855.0,买盘
09:51:43,3.57,-0.010000000000000231,56,20011.0,卖盘
09:51:46,3.57,0.0,224,79968.0,卖盘
09:51:50,3.58,0.010000000000000231,445,158967.0,买盘
09:51:53,3.57,-0.010000000000000231,376,134552.0,卖盘
09:51:56,3.57,0.0,566,201924.0,买盘
09:51:59,3.57,0.0,246,87678.0,卖盘
09:52:02,3.57,0.0,35,12468.0,买盘
09:52:05,3.57,0.0,741,264535.0,买盘
09:52:09,3.57,0.0,190,67890.0,卖盘
09:52:12,3.56,-0.009999999999999787,446,159206.0,卖盘
09:52:15,3.57,0.009999999999999787,186,66402.0,买盘
09:52:18,3.57,0.0,282,100529.0,买盘
09:52:21,3.57,0.0,429,152803.0,买盘
09:52:24,3.57,0.0,1235,440712.0,买盘
09:52:27,3.57,0.0,576,205622.0,买盘
09:52:30,3.56,-0.009999999999999787,103,36759.0,卖盘
09:52:33,3.56,0.0,306,108936.0,卖盘
09:52:37,3.56,0.0,435,154860.0,买盘
09:52:40,3.56,0.0,57,20274.0,买盘
09:52:44,3.56,0.0,175,62164.0,买盘
09:52:47,3.56,0.0,239,84968.0,买盘
09:52:50,3.55,-0.010000000000000231,1967,700022.0,卖盘
09:52:53,3.56,0.010000000000000231,1053,375018.0,买盘
09:52:56,3.56,0.0,768,273470.0,卖盘
09:52:59,3.55,-0.010000000000000231,75,26697.0,卖盘
09:53:02,3.56,0.010000000000000231,361,128603.71999999881,买盘
09:53:09,3.55,-0.010000000000000231,555,197223.0,卖盘
09:53:12,3.55,0.0,91,32369.0,卖盘
09:53:15,3.57,0.020000000000000018,131,46557.0,买盘
09:53:18,3.55,-0.020000000000000018,804,285945.0,卖盘
09:53:21,3.55,0.0,243,86322.0,卖盘
09:53:24,3.55,0.0,121,43065.0,卖盘
09:53:27,3.57,0.020000000000000018,106,37865.840000003576,买盘
09:53:30,3.56,-0.009999999999999787,76,27044.0,卖盘
09:53:34,3.56,0.0,206,73500.15999999642,卖盘
09:53:37,3.57,0.009999999999999787,34,12129.359999984503,买盘
09:53:40,3.56,-0.009999999999999787,82,29197.0,中性盘
09:53:44,3.56,0.0,189,67139.0,买盘
09:53:47,3.57,0.009999999999999787,22,7854.0,买盘
09:53:50,3.56,-0.009999999999999787,1,356.0,卖盘
09:53:53,3.56,0.0,74,26350.0,卖盘
09:53:56,3.57,0.009999999999999787,166,59097.0,买盘
09:53:59,3.55,-0.020000000000000018,80,28453.0,卖盘
09:54:03,3.56,0.010000000000000231,87,30972.0,买盘
09:54:06,3.57,0.009999999999999787,69,24612.0,买盘
09:54:09,3.56,-0.009999999999999787,35,12460.0,卖盘
09:54:12,3.56,0.0,8,2848.0,买盘
09:54:15,3.56,0.0,320,113920.0,买盘
09:54:18,3.55,-0.010000000000000231,548,194999.0,卖盘
09:54:21,3.55,0.0,1189,422095.0,卖盘
09:54:24,3.55,0.0,9,3195.0,买盘
09:54:27,3.55,0.0,56,19860.0,买盘
09:54:31,3.55,0.0,116,41116.0,买盘
09:54:34,3.54,-0.009999999999999787,249,88243.0,卖盘
09:54:37,3.55,0.009999999999999787,174,61758.0,买盘
09:54:41,3.55,0.0,593,209924.0,买盘
09:54:44,3.54,-0.009999999999999787,94,33327.0,卖盘
09:54:47,3.54,0.0,477,169087.0,卖盘
09:54:50,3.54,0.0,305,108010.0,卖盘
09:54:53,3.54,0.0,1406,497880.0,卖盘
09:54:56,3.54,0.0,506,179124.0,买盘
09:55:00,3.54,0.0,91,32214.0,卖盘
09:55:03,3.54,0.0,1243,440949.0,卖盘
09:55:06,3.55,0.009999999999999787,358,126930.0,买盘
09:55:09,3.54,-0.009999999999999787,453,160621.0,卖盘
09:55:12,3.55,0.009999999999999787,540,191366.0,买盘
09:55:15,3.54,-0.009999999999999787,1699,603007.0,卖盘
09:55:18,3.55,0.009999999999999787,1262,447683.0,买盘
09:55:21,3.55,0.0,476,168940.0,买盘
09:55:24,3.56,0.010000000000000231,424,150550.0,买盘
09:55:27,3.55,-0.010000000000000231,1312,466871.0,卖盘
09:55:31,3.56,0.010000000000000231,755,268714.0,买盘
09:55:34,3.56,0.0,133,47346.0,买盘
09:55:38,3.55,-0.010000000000000231,53,18852.0,卖盘
09:55:41,3.56,0.010000000000000231,496,176296.0,买盘
09:55:44,3.56,0.0,8,2848.0,买盘
09:55:47,3.56,0.0,86,30601.0,买盘
09:55:50,3.56,0.0,137,48772.0,买盘
09:55:53,3.56,0.0,70,24920.0,卖盘
09:55:56,3.56,0.0,95,33820.0,卖盘
09:56:00,3.56,0.0,98,34888.0,卖盘
09:56:03,3.56,0.0,138,49198.0,卖盘
09:56:06,3.56,0.0,235,83660.0,卖盘
09:56:09,3.56,0.0,172,61078.0,买盘
09:56:12,3.55,-0.010000000000000231,42,14950.0,卖盘
09:56:15,3.56,0.010000000000000231,435,154714.0,买盘
09:56:18,3.55,-0.010000000000000231,41,14592.0,卖盘
09:56:21,3.55,0.0,14,4980.0,卖盘
09:56:24,3.55,0.0,280,99470.0,卖盘
09:56:27,3.55,0.0,232,82442.0,卖盘
09:56:31,3.55,0.0,63,22365.0,卖盘
09:56:34,3.55,0.0,26,9230.0,卖盘
09:56:37,3.55,0.0,138,49123.0,卖盘
09:56:41,3.55,0.0,58,20622.0,卖盘
09:56:44,3.55,0.0,105,37368.0,卖盘
09:56:47,3.56,0.010000000000000231,56,19884.0,买盘
09:56:50,3.56,0.0,83,29495.0,买盘
09:56:53,3.55,-0.010000000000000231,467,166219.0,卖盘
09:56:56,3.56,0.010000000000000231,173,61571.0,买盘
09:57:00,3.56,0.0,245,87220.0,卖盘
09:57:03,3.55,-0.010000000000000231,23,8165.0,卖盘
09:57:06,3.55,0.0,45,15985.0,卖盘
09:57:09,3.56,0.010000000000000231,122,43338.0,买盘
09:57:12,3.56,0.0,73,25921.0,买盘
09:57:15,3.56,0.0,153,54329.0,买盘
09:57:18,3.56,0.0,725,258064.0,买盘
09:57:21,3.56,0.0,364,129580.0,买盘
09:57:24,3.56,0.0,169,60162.0,买盘
09:57:28,3.56,0.0,341,121245.0,买盘
09:57:31,3.57,0.009999999999999787,456,162366.0,买盘
09:57:34,3.56,-0.009999999999999787,1169,415756.0,卖盘
09:57:38,3.57,0.009999999999999787,288,102778.0,买盘
09:57:41,3.57,0.0,221,78840.0,买盘
09:57:44,3.56,-0.009999999999999787,365,129941.0,卖盘
09:57:47,3.57,0.009999999999999787,24,8568.0,买盘
09:57:50,3.56,-0.009999999999999787,1,356.0,卖盘
09:57:53,3.57,0.009999999999999787,32,11395.0,买盘
09:57:56,3.57,0.0,140,49971.0,买盘
09:58:00,3.56,-0.009999999999999787,379,135285.0,卖盘
09:58:03,3.56,0.0,51,18156.0,卖盘
09:58:06,3.57,0.009999999999999787,15,5353.0,买盘
09:58:09,3.57,0.0,297,106012.0,买盘
09:58:12,3.57,0.0,164,58548.0,买盘
09:58:15,3.56,-0.009999999999999787,154,54830.0,卖盘
09:58:18,3.56,0.0,630,224884.0,卖盘
09:58:21,3.57,0.009999999999999787,27,9639.0,买盘
09:58:24,3.56,-0.009999999999999787,106,37798.0,卖盘
09:58:27,3.57,0.009999999999999787,246,87650.0,买盘
09:58:31,3.57,0.0,3,1071.0,买盘
09:58:34,3.56,-0.009999999999999787,235,83832.0,卖盘
09:58:38,3.57,0.009999999999999787,156,55678.0,买盘
09:58:41,3.57,0.0,63,22488.0,买盘
09:58:44,3.57,0.0,75,26730.0,买盘
09:58:47,3.56,-0.009999999999999787,119,42418.0,卖盘
09:58:50,3.57,0.009999999999999787,111,39596.0,买盘
09:58:53,3.57,0.0,350,124753.0,买盘
09:58:57,3.57,0.0,272,97010.0,买盘
09:59:00,3.57,0.0,205,73176.0,买盘
09:59:03,3.58,0.010000000000000231,1989,710182.0,买盘
09:59:06,3.57,-0.010000000000000231,502,179516.0,卖盘
09:59:09,3.58,0.010000000000000231,271,97007.0,买盘
09:59:12,3.58,0.0,258,92324.0,买盘
09:59:15,3.57,-0.010000000000000231,734,262388.0,卖盘
09:59:18,3.58,0.010000000000000231,1189,425685.0,买盘
09:59:21,3.57,-0.010000000000000231,225,80463.0,卖盘
09:59:24,3.58,0.010000000000000231,166,59408.0,买盘
09:59:28,3.58,0.0,781,279598.0,买盘
09:59:31,3.58,0.0,12,4296.0,卖盘
09:59:34,3.58,0.0,471,168697.0,卖盘
09:59:38,3.59,0.009999999999999787,200,71717.0,买盘
09:59:41,3.59,0.0,310,111284.0,买盘
09:59:44,3.58,-0.009999999999999787,73,26139.0,卖盘
09:59:47,3.58,0.0,73,26188.0,卖盘
09:59:50,3.58,0.0,324,116242.0,卖盘
09:59:53,3.58,0.0,551,197517.0,卖盘
09:59:57,3.58,0.0,377,134986.0,卖盘
10:00:00,3.58,0.0,359,128537.0,卖盘
10:00:03,3.58,0.0,16,5728.0,买盘
10:00:06,3.57,-0.010000000000000231,521,186378.0,卖盘
10:00:09,3.57,0.0,366,130820.0,卖盘
10:00:12,3.57,0.0,149,53193.0,卖盘
10:00:15,3.57,0.0,944,337270.0,卖盘
10:00:18,3.58,0.010000000000000231,157,56059.0,买盘
10:00:21,3.57,-0.010000000000000231,274,97818.0,卖盘
10:00:24,3.56,-0.009999999999999787,216,77099.0,卖盘
10:00:28,3.57,0.009999999999999787,281,100282.0,买盘
10:00:31,3.56,-0.009999999999999787,149,53063.0,卖盘
10:00:35,3.56,0.0,61,21717.0,卖盘
10:00:38,3.57,0.009999999999999787,643,229551.0,买盘
10:00:41,3.57,0.0,466,166331.0,卖盘
10:00:44,3.57,0.0,313,111779.0,卖盘
10:00:47,3.58,0.010000000000000231,156,55742.0,买盘
10:00:50,3.57,-0.010000000000000231,52,18564.0,卖盘
10:00:54,3.57,0.0,37,13209.0,卖盘
10:00:57,3.58,0.010000000000000231,218,77902.0,买盘
10:01:00,3.57,-0.010000000000000231,342,122114.0,卖盘
10:01:03,3.58,0.010000000000000231,1451,517740.0,买盘
10:01:06,3.56,-0.020000000000000018,1466,522512.0,卖盘
10:01:09,3.57,0.009999999999999787,1379,491238.0,买盘
10:01:12,3.56,-0.009999999999999787,243,86503.0,卖盘
10:01:15,3.56,0.0,434,154282.0,买盘
10:01:18,3.55,-0.010000000000000231,194,68925.0,卖盘
10:01:21,3.56,0.010000000000000231,240,85376.0,买盘
10:01:25,3.55,-0.010000000000000231,93,33031.0,卖盘
10:01:28,3.56,0.010000000000000231,462,164423.0,买盘
10:01:32,3.55,-0.010000000000000231,120,42636.0,卖盘
10:01:35,3.55,0.0,505,179630.0,卖盘
10:01:38,3.55,0.0,207,73507.0,卖盘
10:01:41,3.56,0.010000000000000231,441,156561.0,买盘
10:01:44,3.56,0.0,127,45099.0,买盘
10:01:47,3.56,0.0,118,41914.0,买盘
10:01:51,3.55,-0.010000000000000231,17,6035.0,卖盘
10:01:54,3.56,0.010000000000000231,1256,445881.0,买盘
10:01:57,3.55,-0.010000000000000231,612,216687.0,卖盘
10:02:00,3.55,0.0,127,45039.0,买盘
10:02:03,3.55,0.0,286,101375.0,买盘
10:02:06,3.55,0.0,116,41180.0,买盘
10:02:09,3.55,0.0,1113,394117.0,卖盘
10:02:12,3.53,-0.020000000000000018,420,148752.0,卖盘
10:02:15,3.53,0.0,241,85177.0,卖盘
10:02:18,3.53,0.0,156,55078.0,卖盘
10:02:22,3.53,0.0,100,35300.0,卖盘
10:02:25,3.54,0.010000000000000231,125,44216.0,买盘
10:02:29,3.54,0.0,253,89737.0,卖盘
10:02:32,3.55,0.009999999999999787,281,99674.0,买盘
10:02:35,3.56,0.010000000000000231,124,44028.0,买盘
10:02:38,3.54,-0.020000000000000018,248,87999.0,卖盘
10:02:41,3.54,0.0,624,221143.0,卖盘
10:02:45,3.55,0.009999999999999787,251,89105.0,中性盘
10:02:48,3.55,0.0,204,72458.0,卖盘
10:02:51,3.56,0.010000000000000231,283,100496.0,买盘
10:02:54,3.54,-0.020000000000000018,88,31165.0,卖盘
10:02:57,3.55,0.009999999999999787,36,12756.0,买盘
10:03:00,3.55,0.0,282,99937.0,买盘
10:03:03,3.55,0.0,717,255059.0,买盘
10:03:06,3.55,0.0,273,96918.0,卖盘
10:03:09,3.55,0.0,115,40825.0,卖盘
10:03:12,3.55,0.0,71,25206.0,卖盘
10:03:16,3.55,0.0,193,68515.0,卖盘
10:03:19,3.55,0.0,159,56410.0,买盘
10:03:23,3.55,0.0,87,30832.0,买盘
10:03:26,3.55,0.0,67,23745.0,买盘
10:03:29,3.55,0.0,222,78797.0,买盘
10:03:32,3.55,0.0,106,37630.0,卖盘
10:03:35,3.55,0.0,171,60705.0,卖盘
10:03:38,3.55,0.0,130,46150.0,卖盘
10:03:42,3.55,0.0,368,130640.0,卖盘
10:03:45,3.55,0.0,142,50510.0,卖盘
10:03:48,3.55,0.0,256,90970.0,卖盘
10:03:51,3.56,0.010000000000000231,73,25919.0,买盘
10:03:54,3.55,-0.010000000000000231,40,14207.0,卖盘
10:03:57,3.55,0.0,183,65005.0,卖盘
10:04:00,3.55,0.0,29,10307.0,卖盘
10:04:03,3.55,0.0,9,3199.0,卖盘
10:04:06,3.55,0.0,6,2131.0,卖盘
10:04:09,3.56,0.010000000000000231,89,31609.0,买盘
10:04:13,3.55,-0.010000000000000231,45,15988.0,卖盘
10:04:16,3.56,0.010000000000000231,1479,525068.0,买盘
10:04:19,3.55,-0.010000000000000231,21,7462.0,卖盘
10:04:23,3.55,0.0,249,88425.0,卖盘
10:04:26,3.55,0.0,196,69595.0,卖盘
10:04:29,3.56,0.010000000000000231,148,52682.0,买盘
10:04:32,3.55,-0.010000000000000231,343,121853.0,卖盘
10:04:35,3.55,0.0,46,16331.0,卖盘
10:04:38,3.56,0.010000000000000231,578,205655.0,买盘
10:04:42,3.56,0.0,365,129922.0,买盘
10:04:45,3.56,0.0,239,84978.0,买盘
10:04:48,3.56,0.0,58,20599.0,买盘
10:04:51,3.56,0.0,212,75419.0,买盘
10:04:54,3.55,-0.010000000000000231,893,318258.0,卖盘
10:04:57,3.56,0.010000000000000231,151,53756.0,买盘
10:05:00,3.56,0.0,33,11748.0,卖盘
10:05:03,3.56,0.0,30,10683.0,卖盘
10:05:06,3.56,0.0,84,29904.0,卖盘
10:05:10,3.56,0.0,17,6052.0,卖盘
10:05:13,3.56,0.0,24,8544.0,卖盘
10:05:16,3.56,0.0,290,103240.0,卖盘
10:05:20,3.56,0.0,43,15308.0,卖盘
10:05:23,3.57,0.009999999999999787,130,46290.0,买盘
10:05:26,3.56,-0.009999999999999787,129,45950.0,卖盘
10:05:29,3.56,0.0,99,35289.0,卖盘
10:05:32,3.56,0.0,519,184764.0,卖盘
10:05:35,3.56,0.0,275,98100.0,卖盘
10:05:39,3.56,0.0,6,2136.0,卖盘
10:05:42,3.56,0.0,139,49491.0,卖盘
10:05:45,3.56,0.0,220,78345.0,卖盘
10:05:48,3.56,0.0,53,18871.0,卖盘
10:05:51,3.56,0.0,97,34532.0,卖盘
10:05:54,3.57,0.009999999999999787,92,32755.0,买盘
10:05:57,3.57,0.0,76,27089.0,买盘
10:06:00,3.56,-0.009999999999999787,153,54507.0,卖盘
10:06:03,3.56,0.0,122,43551.0,卖盘
10:06:07,3.56,0.0,42,14952.0,卖盘
10:06:10,3.56,0.0,32,11392.0,卖盘
10:06:13,3.56,0.0,14,4984.0,卖盘
10:06:17,3.56,0.0,1285,457510.0,卖盘
10:06:20,3.56,0.0,159,56627.0,卖盘
10:06:23,3.56,0.0,169,60164.0,卖盘
10:06:26,3.56,0.0,89,31684.0,卖盘
10:06:29,3.56,0.0,73,25997.0,卖盘
10:06:32,3.56,0.0,350,124820.71999999881,卖盘
10:06:36,3.56,0.0,25,8900.0,卖盘
10:06:39,3.56,0.0,290,103512.0,卖盘
10:06:42,3.56,0.0,100,35600.0,卖盘
10:06:45,3.56,0.0,25,8900.0,卖盘
10:06:48,3.56,0.0,165,58740.0,卖盘
10:06:51,3.56,0.0,366,130516.0,卖盘
10:06:54,3.57,0.009999999999999787,94,33465.0,买盘
10:06:57,3.57,0.0,397,141347.0,买盘
10:07:01,3.56,-0.009999999999999787,34,12129.0,卖盘
10:07:04,3.56,0.0,467,166252.0,卖盘
10:07:06,3.56,0.0,33,11748.0,卖盘
10:07:11,3.56,0.0,64,22784.0,卖盘
10:07:14,3.56,0.0,140,49842.0,卖盘
10:07:17,3.56,0.0,54,19224.0,卖盘
10:07:20,3.56,0.0,65,23140.0,卖盘
10:07:23,3.56,0.0,15,5340.0,卖盘
10:07:26,3.56,0.0,188,67018.0,卖盘
10:07:30,3.56,0.0,114,40604.0,卖盘
10:07:33,3.56,0.0,126,44860.0,卖盘
10:07:36,3.57,0.009999999999999787,168,59817.0,买盘
10:07:39,3.56,-0.009999999999999787,530,188697.0,卖盘
10:07:42,3.56,0.0,213,75842.0,卖盘
10:07:45,3.55,-0.010000000000000231,180,64054.0,卖盘
10:07:48,3.56,0.010000000000000231,17,6052.0,买盘
10:07:51,3.56,0.0,6,2136.0,买盘
10:07:54,3.56,0.0,343,121862.0,买盘
10:07:57,3.55,-0.010000000000000231,125,44448.0,卖盘
10:08:01,3.55,0.0,57,20235.0,卖盘
10:08:04,3.55,0.0,170,60350.0,卖盘
10:08:07,3.55,0.0,64,22758.0,卖盘
10:08:11,3.55,0.0,91,32366.0,卖盘
10:08:14,3.55,0.0,146,51836.0,卖盘
10:08:17,3.56,0.010000000000000231,92,32669.0,买盘
10:08:20,3.56,0.0,18,6408.0,买盘
10:08:23,3.56,0.0,223,79202.0,买盘
10:08:26,3.56,0.0,73,25988.0,买盘
10:08:30,3.56,0.0,333,118340.0,买盘
10:08:33,3.56,0.0,40,14240.0,买盘
10:08:36,3.56,0.0,73,25943.0,买盘
10:08:39,3.56,0.0,53,18861.0,买盘
10:08:42,3.55,-0.010000000000000231,214,75980.0,卖盘
10:08:45,3.56,0.010000000000000231,158,56195.0,买盘
10:08:48,3.56,0.0,105,37378.0,买盘
10:08:51,3.56,0.0,72,25629.0,买盘
10:08:54,3.56,0.0,458,163048.0,买盘
10:08:58,3.55,-0.010000000000000231,78,27713.0,卖盘
10:09:01,3.56,0.010000000000000231,15,5340.0,买盘
10:09:04,3.55,-0.010000000000000231,816,290376.0,卖盘
10:09:08,3.56,0.010000000000000231,149,52912.0,中性盘
10:09:11,3.56,0.0,60,21350.0,买盘
10:09:14,3.56,0.0,72,25632.0,买盘
10:09:17,3.56,0.0,532,189023.0,买盘
10:09:20,3.56,0.0,110,39160.0,卖盘
10:09:23,3.56,0.0,41,14596.0,卖盘
10:09:27,3.56,0.0,2,712.0,卖盘
10:09:30,3.56,0.0,138,49150.0,卖盘
10:09:33,3.57,0.009999999999999787,14,4988.0,买盘
10:09:36,3.56,-0.009999999999999787,96,34176.0,卖盘
10:09:39,3.56,0.0,505,179795.0,卖盘
10:09:42,3.56,0.0,4,1424.0,卖盘
10:09:45,3.57,0.009999999999999787,535,190469.0,买盘
10:09:48,3.57,0.0,8,2850.0,买盘
10:09:51,3.56,-0.009999999999999787,48,17105.0,卖盘
10:09:54,3.57,0.009999999999999787,5,1785.0,买盘
10:09:58,3.56,-0.009999999999999787,10,3560.0,卖盘
10:10:01,3.56,0.0,11,3917.0,卖盘
10:10:04,3.57,0.009999999999999787,1342,479266.8400000036,买盘
10:10:06,3.56,-0.009999999999999787,577,205947.0,卖盘
10:10:11,3.57,0.009999999999999787,10,3570.0,中性盘
10:10:14,3.57,0.0,421,150319.0,卖盘
10:10:17,3.57,0.0,122,43554.0,卖盘
10:10:20,3.57,0.0,838,299293.0,卖盘
10:10:23,3.57,0.0,351,125307.0,卖盘
10:10:27,3.57,0.0,542,193494.0,卖盘
10:10:30,3.56,-0.009999999999999787,102,36384.0,卖盘
10:10:33,3.57,0.009999999999999787,97,34629.0,买盘
10:10:36,3.56,-0.009999999999999787,117,41705.0,卖盘
10:10:39,3.57,0.009999999999999787,30,10710.0,买盘
10:10:42,3.56,-0.009999999999999787,517,184099.0,卖盘
10:10:45,3.56,0.0,20,7139.0,卖盘
10:10:48,3.56,0.0,19,6770.0,卖盘
10:10:51,3.57,0.009999999999999787,68,24276.0,买盘
10:10:54,3.57,0.0,487,173859.0,买盘
10:10:58,3.56,-0.009999999999999787,161,57364.0,卖盘
10:11:01,3.57,0.009999999999999787,122,43495.0,买盘
10:11:04,3.57,0.0,605,215876.0,买盘
10:11:08,3.57,0.0,209,74538.0,买盘
10:11:11,3.57,0.0,83,29631.0,买盘
10:11:14,3.57,0.0,224,79958.0,买盘
10:11:17,3.57,0.0,35,12489.0,买盘
10:11:20,3.57,0.0,411,146485.0,买盘
10:11:23,3.57,0.0,550,196355.0,买盘
10:11:27,3.57,0.0,116,41412.0,卖盘
10:11:30,3.58,0.010000000000000231,296,105683.0,买盘
10:11:33,3.58,0.0,19,6802.0,买盘
10:11:36,3.57,-0.010000000000000231,742,265340.0,卖盘
10:11:39,3.58,0.010000000000000231,108,38601.0,买盘
10:11:42,3.57,-0.010000000000000231,387,138186.0,卖盘
10:11:48,3.58,0.010000000000000231,19,6796.0,买盘
10:11:51,3.57,-0.010000000000000231,5,1785.0,卖盘
10:11:54,3.57,0.0,230,82332.0,卖盘
10:11:58,3.57,0.0,20,7150.0,卖盘
10:12:01,3.57,0.0,412,147433.0,卖盘
10:12:04,3.58,0.010000000000000231,2,716.0,买盘
10:12:08,3.58,0.0,1010,361577.0,买盘
10:12:11,3.58,0.0,263,94075.0,买盘
10:12:14,3.58,0.0,3,1074.0,卖盘
10:12:17,3.58,0.0,373,133534.0,卖盘
10:12:20,3.59,0.009999999999999787,275,98725.0,买盘
10:12:24,3.59,0.0,50,17929.0,买盘
10:12:27,3.58,-0.009999999999999787,18,6454.0,卖盘
10:12:30,3.59,0.009999999999999787,316,113194.0,买盘
10:12:33,3.59,0.0,492,176628.0,买盘
10:12:36,3.59,0.0,305,109495.0,买盘
10:12:39,3.59,0.0,697,249679.0,买盘
10:12:42,3.59,0.0,361,129598.0,买盘
10:12:45,3.59,0.0,206,73954.0,卖盘
10:12:48,3.6,0.010000000000000231,49,17633.0,买盘
10:12:51,3.6,0.0,48,17269.0,买盘
10:12:55,3.6,0.0,233,83871.0,买盘
10:12:58,3.6,0.0,116,41757.0,买盘
10:13:01,3.6,0.0,395,141900.0,买盘
10:13:05,3.6,0.0,697,250800.0,买盘
10:13:11,3.58,-0.020000000000000018,1819,651608.0,卖盘
10:13:14,3.58,0.0,52,18616.0,买盘
10:13:17,3.58,0.0,58,20764.0,买盘
10:13:20,3.58,0.0,157,56206.0,买盘
10:13:24,3.58,0.0,1357,485806.0,买盘
10:13:27,3.57,-0.010000000000000231,79,28274.0,卖盘
10:13:30,3.57,0.0,202,72206.0,卖盘
10:13:33,3.58,0.010000000000000231,40,14318.0,买盘
10:13:36,3.58,0.0,87,31084.0,买盘
10:13:39,3.58,0.0,244,87237.0,买盘
10:13:42,3.58,0.0,60,21480.0,卖盘
10:13:45,3.58,0.0,639,229071.0,卖盘
10:13:48,3.58,0.0,104,37234.0,卖盘
10:13:52,3.59,0.009999999999999787,21,7526.0,买盘
10:13:55,3.59,0.0,94,33740.0,买盘
10:13:58,3.59,0.0,138,49505.0,买盘
10:14:02,3.58,-0.009999999999999787,82,29356.0,卖盘
10:14:05,3.59,0.009999999999999787,22,7897.0,买盘
10:14:08,3.59,0.0,137,49138.0,买盘
10:14:11,3.59,0.0,757,271763.0,买盘
10:14:14,3.59,0.0,79,28361.0,卖盘
10:14:17,3.59,0.0,95,34105.0,卖盘
10:14:20,3.59,0.0,280,100520.0,卖盘
10:14:24,3.59,0.0,72,25848.0,买盘
10:14:27,3.59,0.0,6,2154.0,买盘
10:14:30,3.59,0.0,399,143444.0,买盘
10:14:33,3.59,0.0,2,718.0,卖盘
10:14:36,3.59,0.0,199,71441.0,卖盘
10:14:39,3.59,0.0,8,2872.0,卖盘
10:14:42,3.59,0.0,65,23335.0,卖盘
10:14:45,3.59,0.0,12,4308.0,卖盘
10:14:49,3.59,0.0,46,16519.0,卖盘
10:14:52,3.6,0.010000000000000231,62,22318.0,买盘
10:14:55,3.6,0.0,251,90239.0,买盘
10:14:58,3.6,0.0,159,57130.0,买盘
10:15:02,3.6,0.0,169,60840.0,买盘
10:15:05,3.6,0.0,12,4320.0,买盘
10:15:08,3.6,0.0,198,71156.0,买盘
10:15:11,3.6,0.0,36,12959.0,买盘
10:15:14,3.6,0.0,269,96834.0,买盘
10:15:17,3.59,-0.010000000000000231,170,61086.0,卖盘
10:15:21,3.59,0.0,191,68569.0,买盘
10:15:24,3.6,0.010000000000000231,135,48473.0,买盘
10:15:27,3.6,0.0,79,28440.0,买盘
10:15:30,3.6,0.0,139,49955.0,买盘
10:15:33,3.6,0.0,121,43506.0,买盘
10:15:36,3.6,0.0,1353,486924.0,买盘
10:15:39,3.59,-0.010000000000000231,19,6838.0,卖盘
10:15:42,3.6,0.010000000000000231,430,154696.0,买盘
10:15:46,3.6,0.0,27,9720.0,买盘
10:15:49,3.6,0.0,18,6480.0,买盘
10:15:52,3.6,0.0,17,6116.0,买盘
10:15:56,3.6,0.0,165,59343.0,买盘
10:15:59,3.6,0.0,123,44280.0,买盘
10:16:02,3.6,0.0,8,2875.0,买盘
10:16:05,3.6,0.0,8,2874.0,买盘
10:16:08,3.6,0.0,395,142099.0,买盘
10:16:11,3.6,0.0,23,8280.0,买盘
10:16:15,3.59,-0.010000000000000231,404,145133.0,卖盘
10:16:18,3.6,0.010000000000000231,810,290833.0,买盘
10:16:21,3.59,-0.010000000000000231,239,86010.0,卖盘
10:16:24,3.6,0.010000000000000231,145,52100.0,买盘
10:16:27,3.59,-0.010000000000000231,372,133734.0,卖盘
10:16:30,3.59,0.0,129,46397.0,卖盘
10:16:33,3.59,0.0,1138,408556.0,卖盘
10:16:36,3.6,0.010000000000000231,135,48517.0,买盘
10:16:39,3.59,-0.010000000000000231,119,42722.0,卖盘
10:16:43,3.59,0.0,901,323594.0,卖盘
10:16:46,3.59,0.0,120,43080.0,卖盘
10:16:49,3.59,0.0,20,7180.0,买盘
10:16:52,3.59,0.0,43,15433.0,买盘
10:16:56,3.59,0.0,295,105890.0,买盘
10:16:59,3.59,0.0,83,29778.0,买盘
10:17:02,3.59,0.0,42,15073.0,买盘
10:17:05,3.59,0.0,343,123137.0,买盘
10:17:08,3.59,0.0,557,199834.0,卖盘
10:17:11,3.59,0.0,35,12570.0,卖盘
10:17:15,3.58,-0.009999999999999787,23,8256.0,卖盘
10:17:18,3.59,0.009999999999999787,1027,369475.0,买盘
10:17:21,3.59,0.0,180,64470.0,买盘
10:17:24,3.59,0.0,38,13640.0,买盘
10:17:27,3.59,0.0,140,50240.0,买盘
10:17:30,3.58,-0.009999999999999787,343,122855.0,卖盘
10:17:33,3.59,0.009999999999999787,4,1436.0,买盘
10:17:36,3.58,-0.009999999999999787,90,32238.0,卖盘
10:17:39,3.58,0.0,197,70533.0,卖盘
10:17:43,3.59,0.009999999999999787,3,1077.0,买盘
10:17:46,3.58,-0.009999999999999787,209,74824.0,卖盘
10:17:49,3.58,0.0,31,11098.0,买盘
10:17:53,3.57,-0.010000000000000231,78,27864.0,卖盘
10:17:56,3.58,0.010000000000000231,59,21121.0,买盘
10:17:59,3.58,0.0,27,9654.0,买盘
10:18:02,3.58,0.0,4,1432.0,买盘
10:18:05,3.58,0.0,204,72832.0,买盘
10:18:08,3.58,0.0,299,106978.0,买盘
10:18:12,3.58,0.0,34,12172.0,买盘
10:18:15,3.57,-0.010000000000000231,81,28937.0,卖盘
10:18:18,3.57,0.0,182,64981.0,卖盘
10:18:21,3.57,0.0,77,27489.0,卖盘
10:18:24,3.57,0.0,139,49623.0,卖盘
10:18:27,3.57,0.0,270,96390.0,卖盘
10:18:30,3.57,0.0,3,1071.0,卖盘
10:18:33,3.57,0.0,48,17138.0,卖盘
10:18:36,3.57,0.0,50,17850.0,卖盘
10:18:40,3.57,0.0,123,43911.0,卖盘
10:18:43,3.57,0.0,296,105672.0,卖盘
10:18:46,3.58,0.010000000000000231,251,89789.0,买盘
10:18:49,3.58,0.0,6,2146.0,买盘
10:18:53,3.57,-0.010000000000000231,230,82110.0,卖盘
10:18:56,3.58,0.010000000000000231,182,65039.0,买盘
10:18:59,3.58,0.0,33,11806.0,买盘
10:19:02,3.58,0.0,71,25367.0,买盘
10:19:05,3.58,0.0,272,97328.0,买盘
10:19:08,3.58,0.0,3,1074.0,买盘
10:19:12,3.58,0.0,88,31436.0,买盘
10:19:15,3.57,-0.010000000000000231,69,24672.0,卖盘
10:19:18,3.58,0.010000000000000231,35,12510.0,买盘
10:19:24,3.58,0.0,113,40421.0,买盘
10:19:27,3.58,0.0,66,23619.0,买盘
10:19:30,3.57,-0.010000000000000231,653,233170.0,卖盘
10:19:33,3.57,0.0,36,12884.0,卖盘
10:19:37,3.57,0.0,202,72097.0,卖盘
10:19:40,3.57,0.0,8,2856.0,买盘
10:19:43,3.57,0.0,61,21745.0,买盘
10:19:47,3.57,0.0,284,101339.0,买盘
10:19:50,3.57,0.0,5,1789.0,卖盘
10:19:53,3.57,0.0,8,2856.0,卖盘
10:19:56,3.57,0.0,29,10356.0,卖盘
10:19:59,3.57,0.0,8,2856.0,卖盘
10:20:02,3.57,0.0,55,19635.0,卖盘
10:20:05,3.57,0.0,436,155656.0,卖盘
10:20:09,3.57,0.0,94,33558.0,卖盘
10:20:12,3.57,0.0,11,3930.0,卖盘
10:20:15,3.57,0.0,27,9659.0,卖盘
10:20:18,3.57,0.0,417,148869.0,卖盘
10:20:21,3.57,0.0,142,50694.0,卖盘
10:20:24,3.57,0.0,276,98532.0,卖盘
10:20:27,3.57,0.0,116,41492.0,卖盘
10:20:30,3.57,0.0,18,6426.0,卖盘
10:20:33,3.57,0.0,3,1071.0,卖盘
10:20:37,3.57,0.0,571,203847.0,卖盘
10:20:43,3.57,0.0,23,8211.0,卖盘
10:20:47,3.58,0.010000000000000231,2,716.0,买盘
10:20:50,3.58,0.0,42,15013.0,买盘
10:20:53,3.58,0.0,435,155475.0,买盘
10:20:56,3.58,0.0,45,16110.0,买盘
10:20:59,3.57,-0.010000000000000231,14,4998.0,卖盘
10:21:02,3.57,0.0,13,4641.0,卖盘
10:21:05,3.58,0.010000000000000231,17,6086.0,买盘
10:21:09,3.58,0.0,50,17900.0,买盘
10:21:12,3.58,0.0,540,193418.0,买盘
10:21:15,3.58,0.0,88,31504.0,卖盘
10:21:18,3.58,0.0,27,9666.0,卖盘
10:21:21,3.58,0.0,52,18618.0,卖盘
10:21:24,3.58,0.0,348,124584.0,卖盘
10:21:27,3.58,0.0,124,44446.0,卖盘
10:21:30,3.58,0.0,8,2864.0,卖盘
10:21:33,3.58,0.0,174,62292.0,卖盘
10:21:37,3.58,0.0,251,89858.0,卖盘
10:21:40,3.58,0.0,148,52984.0,卖盘
10:21:44,3.58,0.0,42,15036.0,卖盘
10:21:47,3.58,0.0,17,6086.0,卖盘
10:21:50,3.59,0.009999999999999787,3,1077.0,买盘
10:21:53,3.58,-0.009999999999999787,269,96302.0,卖盘
10:21:56,3.59,0.009999999999999787,485,173730.0,买盘
10:21:59,3.59,0.0,366,131094.0,买盘
10:22:03,3.59,0.0,19,6821.0,买盘
10:22:06,3.59,0.0,608,217969.0,买盘
10:22:09,3.59,0.0,127,45563.0,买盘
10:22:12,3.59,0.0,52,18668.0,买盘
10:22:15,3.59,0.0,12,4308.0,买盘
10:22:18,3.59,0.0,152,54550.0,买盘
10:22:21,3.59,0.0,74,26566.0,买盘
10:22:24,3.58,-0.009999999999999787,23,8247.0,卖盘
10:22:28,3.59,0.009999999999999787,198,71078.0,买盘
10:22:31,3.58,-0.009999999999999787,48,17229.0,卖盘
10:22:34,3.58,0.0,24,8603.0,卖盘
10:22:38,3.58,0.0,60,21524.0,卖盘
10:22:41,3.58,0.0,57,20412.0,卖盘
10:22:44,3.58,0.0,29,10382.0,卖盘
10:22:47,3.59,0.009999999999999787,84,30154.0,买盘
10:22:50,3.58,-0.009999999999999787,37,13263.0,卖盘
10:22:53,3.58,0.0,164,58712.0,卖盘
10:22:56,3.59,0.009999999999999787,535,192065.0,买盘
10:23:00,3.59,0.0,95,34105.0,买盘
10:23:03,3.58,-0.009999999999999787,88,31583.0,卖盘
10:23:06,3.58,0.0,66,23644.0,卖盘
10:23:09,3.58,0.0,189,67849.0,卖盘
10:23:12,3.58,0.0,1963,702893.0,卖盘
10:23:15,3.58,0.0,181,64748.0,买盘
10:23:18,3.58,0.0,309,110528.0,买盘
10:23:21,3.58,0.0,1,358.0,卖盘
10:23:25,3.58,0.0,251,89824.0,卖盘
10:23:28,3.57,-0.010000000000000231,67,23983.0,卖盘
10:23:31,3.58,0.010000000000000231,154,55023.0,买盘
10:23:35,3.57,-0.010000000000000231,25,8933.0,卖盘
10:23:38,3.58,0.010000000000000231,147,52624.0,买盘
10:23:41,3.57,-0.010000000000000231,38,13566.0,卖盘
10:23:44,3.57,0.0,53,18924.0,卖盘
10:23:47,3.57,0.0,67,23919.0,卖盘
10:23:50,3.57,0.0,20,7135.0,买盘
10:23:54,3.57,0.0,20,7140.0,买盘
10:23:57,3.57,0.0,163,58181.0,买盘
10:24:00,3.56,-0.009999999999999787,83,29615.0,卖盘
10:24:03,3.56,0.0,211,75250.0,卖盘
10:24:06,3.56,0.0,126,44860.0,卖盘
10:24:09,3.57,0.009999999999999787,95,33825.0,买盘
10:24:12,3.56,-0.009999999999999787,144,51343.0,卖盘
10:24:15,3.56,0.0,34,12122.0,卖盘
10:24:18,3.56,0.0,16,5696.0,卖盘
10:24:22,3.56,0.0,18,6408.0,卖盘
10:24:25,3.56,0.0,40,14243.0,卖盘
10:24:28,3.56,0.0,134,47817.0,卖盘
10:24:32,3.56,0.0,32,11394.0,卖盘
10:24:35,3.56,0.0,3,1068.0,卖盘
10:24:38,3.56,0.0,22,7834.0,卖盘
10:24:41,3.56,0.0,27,9613.0,卖盘
10:24:44,3.56,0.0,190,67640.0,卖盘
10:24:47,3.56,0.0,10,3560.0,卖盘
10:24:50,3.56,0.0,26,9256.0,卖盘
10:24:54,3.56,0.0,30,10681.0,卖盘
10:24:57,3.57,0.009999999999999787,102,36412.0,买盘
10:25:00,3.57,0.0,5,1785.0,买盘
10:25:03,3.56,-0.009999999999999787,391,139248.0,卖盘
10:25:06,3.57,0.009999999999999787,6,2142.0,买盘
10:25:09,3.56,-0.009999999999999787,603,214678.0,卖盘
10:25:12,3.56,0.0,33,11748.0,卖盘
10:25:15,3.56,0.0,153,54468.0,卖盘
10:25:22,3.56,0.0,41,14601.0,卖盘
10:25:25,3.56,0.0,111,39516.0,卖盘
10:25:28,3.56,0.0,219,78037.0,卖盘
10:25:32,3.56,0.0,89,31684.0,卖盘
10:25:35,3.56,0.0,53,18869.0,卖盘
10:25:38,3.56,0.0,16,5696.0,卖盘
10:25:41,3.56,0.0,1,356.0,卖盘
10:25:44,3.56,0.0,126,44863.0,卖盘
10:25:47,3.56,0.0,1,356.0,卖盘
10:25:51,3.57,0.009999999999999787,456,162788.0,买盘
10:25:54,3.56,-0.009999999999999787,307,109582.0,卖盘
10:25:57,3.56,0.0,37,13208.0,卖盘
10:26:00,3.57,0.009999999999999787,15,5355.0,买盘
10:26:03,3.57,0.0,25,8925.0,买盘
10:26:06,3.57,0.0,30,10710.0,卖盘
10:26:09,3.57,0.0,179,63903.0,卖盘
10:26:12,3.57,0.0,291,103887.0,卖盘
10:26:15,3.57,0.0,161,57477.0,卖盘
10:26:19,3.57,0.0,54,19278.0,卖盘
10:26:22,3.57,0.0,33,11781.0,卖盘
10:26:25,3.57,0.0,10,3570.0,卖盘
10:26:28,3.57,0.0,80,28560.0,卖盘
10:26:32,3.57,0.0,172,61404.0,卖盘
10:26:35,3.57,0.0,117,41769.0,卖盘
10:26:41,3.57,0.0,1,357.0,卖盘
10:26:44,3.57,0.0,19,6783.0,卖盘
10:26:48,3.58,0.010000000000000231,21,7517.0,买盘
10:26:51,3.57,-0.010000000000000231,62,22175.0,卖盘
10:26:54,3.57,0.0,950,339150.0,卖盘
10:26:57,3.57,0.0,343,122420.0,买盘
10:27:00,3.57,0.0,31,11063.0,买盘
10:27:03,3.57,0.0,253,90225.0,买盘
10:27:06,3.57,0.0,37,13209.0,买盘
10:27:09,3.57,0.0,104,37119.0,买盘
10:27:12,3.57,0.0,16,5712.0,买盘
10:27:16,3.57,0.0,35,12495.0,买盘
10:27:19,3.56,-0.009999999999999787,148,52797.0,卖盘
10:27:22,3.57,0.009999999999999787,105,37485.0,卖盘
10:27:26,3.58,0.010000000000000231,10,3580.0,买盘
10:27:29,3.57,-0.010000000000000231,109,38913.0,卖盘
10:27:32,3.57,0.0,42,15000.0,卖盘
10:27:35,3.57,0.0,153,54623.0,卖盘
10:27:38,3.57,0.0,42,14994.0,卖盘
10:27:41,3.57,0.0,47,16795.0,卖盘
10:27:45,3.57,0.0,25,8925.0,卖盘
10:27:48,3.57,0.0,31,11067.0,卖盘
10:27:51,3.57,0.0,7,2499.0,卖盘
10:27:54,3.57,0.0,4,1428.0,卖盘
10:27:57,3.57,0.0,408,145663.1400000155,卖盘
10:28:03,3.57,0.0,325,116084.0,卖盘
10:28:06,3.57,0.0,15,5355.0,卖盘
10:28:09,3.57,0.0,267,95319.0,卖盘
10:28:12,3.57,0.0,131,46767.0,卖盘
10:28:16,3.57,0.0,34,12138.0,卖盘
10:28:19,3.57,0.0,3,1071.0,卖盘
10:28:22,3.57,0.0,559,199912.8599999845,卖盘
10:28:26,3.56,-0.009999999999999787,269,95983.0,卖盘
10:28:29,3.57,0.009999999999999787,107,38199.0,买盘
10:28:32,3.56,-0.009999999999999787,478,170168.0,卖盘
10:28:35,3.56,0.0,137,48772.0,买盘
10:28:38,3.57,0.009999999999999787,106,37742.0,买盘
10:28:41,3.56,-0.009999999999999787,52,18512.0,卖盘
10:28:45,3.56,0.0,10,3560.0,卖盘
10:28:48,3.56,0.0,98,34890.0,卖盘
10:28:51,3.56,0.0,128,45568.0,卖盘
10:28:54,3.56,0.0,1,356.0,卖盘
10:29:00,3.57,0.009999999999999787,169,60288.0,买盘
10:29:03,3.56,-0.009999999999999787,625,222500.0,卖盘
10:29:06,3.56,0.0,86,30647.0,卖盘
10:29:09,3.56,0.0,30,10680.0,卖盘
10:29:12,3.56,0.0,25,8900.0,卖盘
10:29:16,3.56,0.0,38,13546.0,卖盘
10:29:19,3.57,0.009999999999999787,33,11750.0,买盘
10:29:22,3.56,-0.009999999999999787,111,39552.0,卖盘
10:29:29,3.57,0.009999999999999787,10,3570.0,买盘
10:29:32,3.56,-0.009999999999999787,1,356.0,卖盘
10:29:35,3.56,0.0,23,8191.0,卖盘
10:29:38,3.56,0.0,72,25632.0,卖盘
10:29:41,3.56,0.0,245,87220.0,卖盘
10:29:48,3.56,0.0,130,46280.0,卖盘
10:29:51,3.56,0.0,66,23496.0,卖盘
10:29:54,3.56,0.0,59,21004.0,卖盘
10:29:57,3.56,0.0,10,3560.0,卖盘
10:30:00,3.56,0.0,321,114276.0,卖盘
10:30:03,3.56,0.0,122,43434.0,卖盘
10:30:06,3.56,0.0,186,66216.0,卖盘
10:30:09,3.56,0.0,78,27768.0,卖盘
10:30:13,3.56,0.0,171,60895.0,卖盘
10:30:19,3.56,0.0,262,93272.0,卖盘
10:30:23,3.56,0.0,5,1780.0,卖盘
10:30:26,3.56,0.0,40,14240.0,卖盘
10:30:29,3.56,0.0,69,24564.0,卖盘
10:30:32,3.56,0.0,58,20648.0,卖盘
10:30:35,3.56,0.0,10,3560.0,买盘
10:30:38,3.56,0.0,54,19224.0,买盘
10:30:42,3.56,0.0,38,13513.0,买盘
10:30:45,3.55,-0.010000000000000231,128,45444.0,卖盘
10:30:48,3.56,0.010000000000000231,226,80456.0,买盘
10:30:51,3.55,-0.010000000000000231,170,60350.0,卖盘
10:30:57,3.56,0.010000000000000231,42,14930.0,买盘
10:31:00,3.55,-0.010000000000000231,64,22720.0,卖盘
10:31:03,3.55,0.0,668,237140.0,卖盘
10:31:06,3.56,0.010000000000000231,281,100023.0,买盘
10:31:09,3.56,0.0,28,9968.0,买盘
10:31:13,3.55,-0.010000000000000231,93,33034.0,卖盘
10:31:16,3.55,0.0,36,12780.0,卖盘
10:31:19,3.55,0.0,368,130640.0,卖盘
10:31:23,3.56,0.010000000000000231,4,1424.0,买盘
10:31:26,3.56,0.0,30,10680.0,买盘
10:31:29,3.56,0.0,154,54696.0,买盘
10:31:32,3.56,0.0,19,6756.0,买盘
10:31:35,3.55,-0.010000000000000231,38,13490.0,卖盘
10:31:38,3.55,0.0,103,36565.0,卖盘
10:31:42,3.56,0.010000000000000231,13,4618.0,买盘
10:31:45,3.55,-0.010000000000000231,23,8165.0,卖盘
10:31:48,3.55,0.0,125,44375.0,卖盘
10:31:54,3.55,0.0,54,19170.0,卖盘
10:31:57,3.55,0.0,23,8165.0,卖盘
10:32:00,3.55,0.0,36,12780.0,卖盘
10:32:03,3.55,0.0,49,17395.0,卖盘
10:32:06,3.55,0.0,75,26625.0,卖盘
10:32:10,3.55,0.0,21,7455.0,卖盘
10:32:16,3.55,0.0,13,4615.0,卖盘
10:32:20,3.55,0.0,3,1065.0,卖盘
10:32:23,3.55,0.0,51,18105.0,卖盘
10:32:26,3.55,0.0,232,82360.0,卖盘
10:32:29,3.55,0.0,1,355.0,卖盘
10:32:32,3.56,0.010000000000000231,7,2492.0,买盘
10:32:35,3.56,0.0,234,83205.0,买盘
10:32:39,3.55,-0.010000000000000231,5,1775.0,卖盘
10:32:42,3.55,0.0,1890,670953.0,卖盘
10:32:45,3.56,0.010000000000000231,215,76523.0,买盘
10:32:48,3.55,-0.010000000000000231,534,189570.0,卖盘
10:32:51,3.55,0.0,54,19170.0,卖盘
10:32:54,3.55,0.0,677,240335.0,卖盘
10:33:00,3.55,0.0,723,256665.0,卖盘
10:33:03,3.55,0.0,18,6390.0,买盘
10:33:06,3.54,-0.009999999999999787,42,14904.0,卖盘
10:33:10,3.55,0.009999999999999787,13,4615.0,买盘
10:33:17,3.54,-0.009999999999999787,17,6031.0,卖盘
10:33:20,3.55,0.009999999999999787,28,9940.0,买盘
10:33:23,3.54,-0.009999999999999787,337,119298.0,卖盘
10:33:26,3.55,0.009999999999999787,90,31872.0,买盘
10:33:29,3.55,0.0,9,3195.0,买盘
10:33:32,3.54,-0.009999999999999787,19,6740.0,卖盘
10:33:36,3.54,0.0,83,29382.0,卖盘
10:33:39,3.54,0.0,11,3904.0,卖盘
10:33:42,3.54,0.0,12,4248.0,卖盘
10:33:45,3.55,0.009999999999999787,65,23075.0,买盘
10:33:48,3.54,-0.009999999999999787,120,42533.0,卖盘
10:33:51,3.54,0.0,272,96288.0,卖盘
10:33:54,3.54,0.0,47,16638.0,卖盘
10:33:57,3.54,0.0,57,20178.0,卖盘
10:34:00,3.54,0.0,260,92040.0,卖盘
10:34:03,3.54,0.0,87,30798.0,卖盘
10:34:06,3.54,0.0,222,78598.0,卖盘
10:34:10,3.55,0.009999999999999787,43,15225.0,买盘
10:34:13,3.54,-0.009999999999999787,5,1770.0,卖盘
10:34:17,3.54,0.0,41,14514.0,卖盘
10:34:20,3.54,0.0,55,19470.0,卖盘
10:34:23,3.54,0.0,174,61597.0,卖盘
10:34:26,3.54,0.0,288,101952.0,卖盘
10:34:29,3.55,0.009999999999999787,1419,502348.0,买盘
10:34:32,3.54,-0.009999999999999787,523,185154.0,卖盘
10:34:36,3.55,0.009999999999999787,325,115075.0,买盘
10:34:39,3.54,-0.009999999999999787,169,59854.0,卖盘
10:34:42,3.54,0.0,35,12394.0,卖盘
10:34:45,3.54,0.0,23,8142.0,卖盘
10:34:48,3.54,0.0,57,20185.0,卖盘
10:34:54,3.54,0.0,30,10630.0,卖盘
10:34:57,3.54,0.0,509,180186.0,卖盘
10:35:00,3.54,0.0,1539,545273.0,卖盘
10:35:03,3.54,0.0,168,59472.0,卖盘
10:35:07,3.54,0.0,5,1770.0,卖盘
10:35:10,3.54,0.0,421,149034.0,卖盘
10:35:13,3.55,0.009999999999999787,77,27260.0,买盘
10:35:17,3.54,-0.009999999999999787,507,179478.0,卖盘
10:35:20,3.54,0.0,59,20887.0,卖盘
10:35:23,3.53,-0.010000000000000231,61,21591.0,卖盘
10:35:26,3.54,0.010000000000000231,18,6367.0,买盘
10:35:29,3.53,-0.010000000000000231,300,105900.0,卖盘
10:35:32,3.53,0.0,1176,415128.0,卖盘
10:35:36,3.54,0.010000000000000231,369,130283.0,买盘
10:35:42,3.53,-0.010000000000000231,114,40243.0,卖盘
10:35:45,3.54,0.010000000000000231,38,13444.0,买盘
10:35:48,3.53,-0.010000000000000231,522,184341.0,卖盘
10:35:51,3.53,0.0,224,79081.0,卖盘
10:35:54,3.53,0.0,83,29334.0,卖盘
10:35:57,3.53,0.0,148,52254.0,卖盘
10:36:00,3.53,0.0,240,84720.0,卖盘
10:36:04,3.54,0.010000000000000231,44,15573.0,买盘
10:36:07,3.53,-0.010000000000000231,806,284518.0,卖盘
10:36:10,3.54,0.010000000000000231,172,60753.0,买盘
10:36:14,3.53,-0.010000000000000231,240,84740.0,卖盘
10:36:17,3.53,0.0,71,25063.0,卖盘
10:36:20,3.54,0.010000000000000231,102,36105.0,买盘
10:36:23,3.53,-0.010000000000000231,9,3180.0,卖盘
10:36:26,3.54,0.010000000000000231,100,35381.0,买盘
10:36:30,3.54,0.0,219,77413.0,买盘
10:36:33,3.53,-0.010000000000000231,174,61422.0,卖盘
10:36:36,3.54,0.010000000000000231,87,30781.0,买盘
10:36:39,3.53,-0.010000000000000231,3,1061.0,卖盘
10:36:42,3.53,0.0,80,28242.0,卖盘
10:36:45,3.53,0.0,70,24710.0,卖盘
10:36:48,3.53,0.0,235,82995.0,卖盘
10:36:51,3.53,0.0,199,70247.0,卖盘
10:36:54,3.54,0.010000000000000231,29,10242.0,买盘
10:36:58,3.53,-0.010000000000000231,92,32476.0,卖盘
10:37:01,3.53,0.0,10,3530.0,卖盘
10:37:04,3.53,0.0,5,1765.0,卖盘
10:37:07,3.53,0.0,61,21543.0,卖盘
10:37:11,3.53,0.0,68,24004.0,卖盘
10:37:14,3.53,0.0,34,12002.0,卖盘
10:37:17,3.53,0.0,350,123550.0,卖盘
10:37:20,3.53,0.0,219,77307.0,卖盘
10:37:23,3.53,0.0,48,16982.0,卖盘
10:37:26,3.53,0.0,226,79778.0,卖盘
10:37:30,3.53,0.0,135,47655.0,卖盘
10:37:33,3.53,0.0,13,4589.0,卖盘
10:37:36,3.54,0.010000000000000231,167,59084.0,买盘
10:37:39,3.54,0.0,1260,445985.0,买盘
10:37:42,3.54,0.0,801,283553.0,买盘
10:37:45,3.53,-0.010000000000000231,947,334466.0,卖盘
10:37:48,3.54,0.010000000000000231,33,11682.0,买盘
10:37:51,3.54,0.0,196,69420.6400000155,买盘
10:37:58,3.54,0.0,21,7434.0,卖盘
10:38:01,3.54,0.0,3,1062.0,卖盘
10:38:04,3.53,-0.010000000000000231,1087,383824.8399999738,卖盘
10:38:08,3.54,0.010000000000000231,26,9204.0,中性盘
10:38:11,3.54,0.0,55,19470.0,买盘
10:38:14,3.53,-0.010000000000000231,1,353.0,卖盘
10:38:17,3.53,0.0,10,3537.0,卖盘
10:38:20,3.54,0.010000000000000231,15,5310.0,买盘
10:38:23,3.53,-0.010000000000000231,22,7766.0,卖盘
10:38:26,3.54,0.010000000000000231,29,10266.0,买盘
10:38:30,3.53,-0.010000000000000231,5,1765.0,卖盘
10:38:33,3.54,0.010000000000000231,3,1060.0,买盘
10:38:36,3.54,0.0,41,14514.0,买盘
10:38:39,3.54,0.0,5,1770.0,买盘
10:38:42,3.54,0.0,35,12372.0,买盘
10:38:45,3.54,0.0,53,18742.0,买盘
10:38:48,3.54,0.0,1,354.0,买盘
10:38:51,3.54,0.0,28,9886.0,买盘
10:38:55,3.53,-0.010000000000000231,6,2120.0,卖盘
10:38:58,3.54,0.010000000000000231,15,5310.0,买盘
10:39:01,3.54,0.0,132,46597.0,买盘
10:39:05,3.53,-0.010000000000000231,1195,422736.0,卖盘
10:39:08,3.53,0.0,152,53777.0,卖盘
10:39:11,3.54,0.010000000000000231,5,1770.0,买盘
10:39:14,3.53,-0.010000000000000231,91,32123.0,卖盘
10:39:17,3.53,0.0,7,2476.0,卖盘
10:39:20,3.54,0.010000000000000231,36,12738.0,买盘
10:39:23,3.54,0.0,1000,353007.0,买盘
10:39:27,3.53,-0.010000000000000231,40,14120.0,卖盘
10:39:30,3.53,0.0,239,84663.52000001073,卖盘
10:39:36,3.53,0.0,385,135958.47999998927,买盘
10:39:39,3.53,0.0,124,43708.840000003576,卖盘
10:39:42,3.52,-0.009999999999999787,227,80023.0,卖盘
10:39:45,3.52,0.0,74,26058.0,卖盘
10:39:48,3.52,0.0,63,22178.0,卖盘
10:39:52,3.52,0.0,29,10209.0,卖盘
10:39:55,3.52,0.0,91,32062.0,卖盘
10:39:58,3.52,0.0,333,117229.0,卖盘
10:40:01,3.52,0.0,554,195008.0,卖盘
10:40:05,3.52,0.0,70,24640.0,卖盘
10:40:11,3.52,0.0,116,40839.0,卖盘
10:40:14,3.51,-0.010000000000000231,3096,1089708.8400000036,卖盘
10:40:17,3.52,0.010000000000000231,5,1760.0,中性盘
10:40:20,3.52,0.0,61,21449.0,买盘
10:40:23,3.52,0.0,308,108394.0,买盘
10:40:27,3.52,0.0,334,117568.0,卖盘
10:40:30,3.52,0.0,233,82016.0,卖盘
10:40:33,3.52,0.0,25,8800.0,卖盘
10:40:36,3.53,0.009999999999999787,100,35280.0,买盘
10:40:39,3.53,0.0,312,110028.0,买盘
10:40:42,3.53,0.0,42,14814.0,买盘
10:40:45,3.53,0.0,756,266345.0,买盘
10:40:48,3.52,-0.009999999999999787,165,58105.0,卖盘
10:40:52,3.52,0.0,36,12674.0,卖盘
10:40:55,3.52,0.0,54,19011.0,卖盘
10:40:58,3.53,0.009999999999999787,92,32442.0,买盘
10:41:01,3.52,-0.009999999999999787,36,12684.0,卖盘
10:41:05,3.52,0.0,78,27486.0,卖盘
10:41:08,3.53,0.009999999999999787,10,3525.0,买盘
10:41:11,3.52,-0.009999999999999787,699,246064.0,卖盘
10:41:14,3.53,0.009999999999999787,366,128866.0,买盘
10:41:17,3.53,0.0,36,12708.0,买盘
10:41:20,3.53,0.0,77,27168.0,买盘
10:41:23,3.53,0.0,116,40933.0,买盘
10:41:27,3.52,-0.009999999999999787,845,297465.0,卖盘
10:41:30,3.52,0.0,307,108064.0,买盘
10:41:33,3.52,0.0,5,1760.0,卖盘
10:41:36,3.52,0.0,11,3877.0,卖盘
10:41:39,3.53,0.009999999999999787,946,333124.0,买盘
10:41:42,3.52,-0.009999999999999787,54,19008.0,卖盘
10:41:45,3.52,0.0,164,57728.0,卖盘
10:41:48,3.53,0.009999999999999787,60,21151.0,买盘
10:41:52,3.52,-0.009999999999999787,83,29216.0,卖盘
10:41:55,3.53,0.009999999999999787,3,1059.0,买盘
10:41:58,3.52,-0.009999999999999787,40,14080.0,卖盘
10:42:02,3.53,0.009999999999999787,8,2823.0,买盘
10:42:05,3.53,0.0,411,144894.0,买盘
10:42:08,3.52,-0.009999999999999787,390,137280.0,卖盘
10:42:11,3.53,0.009999999999999787,173,60902.0,买盘
10:42:14,3.53,0.0,44,15527.0,买盘
10:42:17,3.53,0.0,84,29627.0,买盘
10:42:21,3.53,0.0,51,18002.0,买盘
10:42:24,3.52,-0.009999999999999787,281,99163.0,卖盘
10:42:27,3.53,0.009999999999999787,50,17650.0,买盘
10:42:30,3.53,0.0,307,108368.0,买盘
10:42:33,3.53,0.0,235,82837.0,买盘
10:42:36,3.53,0.0,285,100589.0,买盘
10:42:39,3.52,-0.009999999999999787,1332,469996.0,卖盘
10:42:42,3.54,0.020000000000000018,494,174757.0,买盘
10:42:45,3.53,-0.010000000000000231,3,1059.0,中性盘
10:42:49,3.53,0.0,59,20807.0,买盘
10:42:52,3.53,0.0,84,29652.0,买盘
10:42:55,3.52,-0.009999999999999787,29,10214.0,卖盘
10:42:58,3.52,0.0,15,5280.0,卖盘
10:43:02,3.52,0.0,10,3520.0,卖盘
10:43:05,3.53,0.009999999999999787,54,19062.0,买盘
10:43:11,3.53,0.0,17,5991.0,买盘
10:43:14,3.53,0.0,28,9863.0,买盘
10:43:18,3.53,0.0,30,10590.0,买盘
10:43:21,3.53,0.0,46,16202.0,买盘
10:43:24,3.53,0.0,61,21524.0,买盘
10:43:27,3.53,0.0,75,26475.0,买盘
10:43:30,3.53,0.0,379,133728.0,买盘
10:43:33,3.52,-0.009999999999999787,1029,363010.0,卖盘
10:43:36,3.53,0.009999999999999787,19,6707.0,买盘
10:43:39,3.52,-0.009999999999999787,6,2112.0,卖盘
10:43:42,3.53,0.009999999999999787,52,18306.0,买盘
10:43:46,3.52,-0.009999999999999787,219,77223.0,卖盘
10:43:49,3.53,0.009999999999999787,126,44372.0,买盘
10:43:52,3.52,-0.009999999999999787,117,41184.0,卖盘
10:43:55,3.52,0.0,18,6346.0,卖盘
10:43:59,3.53,0.009999999999999787,103,36359.0,买盘
10:44:02,3.53,0.0,53,18709.0,买盘
10:44:05,3.53,0.0,93,32785.0,买盘
10:44:08,3.52,-0.009999999999999787,84,29599.0,卖盘
10:44:11,3.52,0.0,298,104953.0,卖盘
10:44:14,3.53,0.009999999999999787,31,10943.0,买盘
10:44:18,3.53,0.0,10,3530.0,买盘
10:44:21,3.52,-0.009999999999999787,9,3168.0,卖盘
10:44:24,3.52,0.0,351,123552.0,卖盘
10:44:27,3.52,0.0,20,7040.0,卖盘
10:44:30,3.52,0.0,51,17953.0,卖盘
10:44:33,3.53,0.009999999999999787,568,200494.0,买盘
10:44:36,3.53,0.0,37,13061.0,卖盘
10:44:39,3.53,0.0,95,33535.0,卖盘
10:44:43,3.53,0.0,60,21180.0,买盘
10:44:46,3.53,0.0,41,14473.0,卖盘
10:44:49,3.53,0.0,5,1765.0,卖盘
10:44:52,3.53,0.0,35,12355.0,卖盘
10:45:02,3.53,0.0,38,13423.0,卖盘
10:45:05,3.53,0.0,551,194503.0,卖盘
10:45:08,3.53,0.0,47,16591.0,买盘
10:45:11,3.53,0.0,78,27534.0,买盘
10:45:14,3.53,0.0,20,7060.0,买盘
10:45:18,3.53,0.0,57,20121.0,买盘
10:45:21,3.53,0.0,43,15167.0,买盘
10:45:24,3.52,-0.009999999999999787,196,69185.0,卖盘
10:45:27,3.52,0.0,75,26401.0,卖盘
10:45:30,3.53,0.009999999999999787,54,19037.0,买盘
10:45:33,3.52,-0.009999999999999787,238,83869.0,卖盘
10:45:36,3.53,0.009999999999999787,303,106862.0,买盘
10:45:39,3.53,0.0,101,35745.02000001073,买盘
10:45:43,3.53,0.0,213,75111.65999999642,卖盘
10:45:46,3.53,0.0,50,17639.0,卖盘
10:45:49,3.53,0.0,6,2118.0,卖盘
10:45:56,3.53,0.0,35,12368.0,卖盘
10:45:59,3.53,0.0,6,2118.0,卖盘
10:46:02,3.53,0.0,133,46954.0,卖盘
10:46:05,3.53,0.0,36,12709.0,卖盘
10:46:11,3.54,0.010000000000000231,47,16592.0,买盘
10:46:15,3.54,0.0,7,2478.0,买盘
10:46:18,3.53,-0.010000000000000231,72,25430.0,卖盘
10:46:21,3.53,0.0,155,54740.0,卖盘
10:46:24,3.54,0.010000000000000231,66,23364.0,买盘
10:46:27,3.54,0.0,99,34957.0,买盘
10:46:30,3.53,-0.010000000000000231,54,19062.0,卖盘
10:46:33,3.54,0.010000000000000231,13,4602.0,买盘
10:46:36,3.54,0.0,3,1062.0,买盘
10:46:40,3.54,0.0,80,28320.0,买盘
10:46:43,3.54,0.0,297,105116.0,买盘
10:46:46,3.53,-0.010000000000000231,142,50234.0,卖盘
10:46:49,3.54,0.010000000000000231,86,30444.0,买盘
10:46:53,3.53,-0.010000000000000231,32,11296.0,卖盘
10:46:56,3.54,0.010000000000000231,78,27612.0,买盘
10:46:59,3.53,-0.010000000000000231,125,44125.0,卖盘
10:47:02,3.54,0.010000000000000231,29,10266.0,买盘
10:47:05,3.54,0.0,444,157176.0,买盘
10:47:08,3.54,0.0,2,708.0,买盘
10:47:12,3.54,0.0,386,136644.0,买盘
10:47:15,3.54,0.0,204,72216.0,买盘
10:47:18,3.54,0.0,95,33554.0,买盘
10:47:21,3.54,0.0,23,8142.0,买盘
10:47:24,3.53,-0.010000000000000231,9,3177.0,卖盘
10:47:27,3.54,0.010000000000000231,42,14868.0,买盘
10:47:30,3.54,0.0,140,49567.02000001073,买盘
10:47:33,3.54,0.0,35,12390.0,卖盘
10:47:37,3.53,-0.010000000000000231,1,353.0,卖盘
10:47:40,3.54,0.010000000000000231,5,1770.0,买盘
10:47:50,3.53,-0.010000000000000231,100,35352.0,卖盘
10:47:53,3.54,0.010000000000000231,192,67868.0,买盘
10:47:56,3.54,0.0,65,23010.0,买盘
10:47:59,3.54,0.0,350,123572.0,买盘
10:48:02,3.54,0.0,142,50222.0,买盘
10:48:05,3.54,0.0,322,113888.0,买盘
10:48:09,3.54,0.0,240,84730.0,买盘
10:48:12,3.54,0.0,87,30795.0,买盘
10:48:15,3.53,-0.010000000000000231,687,242518.0,卖盘
10:48:18,3.53,0.0,205,72438.0,卖盘
10:48:21,3.54,0.010000000000000231,22,7788.0,买盘
10:48:24,3.53,-0.010000000000000231,15,5308.0,卖盘
10:48:27,3.54,0.010000000000000231,99,34958.0,买盘
10:48:30,3.53,-0.010000000000000231,151,53320.0,卖盘
10:48:33,3.53,0.0,73,25769.0,卖盘
10:48:40,3.54,0.010000000000000231,200,70800.0,买盘
10:48:43,3.53,-0.010000000000000231,26,9178.0,卖盘
10:48:46,3.53,0.0,128,45184.0,卖盘
10:48:50,3.53,0.0,22,7766.0,卖盘
10:48:53,3.53,0.0,80,28240.0,卖盘
10:48:56,3.53,0.0,56,19814.0,卖盘
10:48:59,3.53,0.0,218,77122.0,卖盘
10:49:02,3.53,0.0,29,10237.0,卖盘
10:49:05,3.53,0.0,36,12708.0,卖盘
10:49:12,3.54,0.0,85,30009.0,买盘
10:49:15,3.53,-0.010000000000000231,102,36096.0,卖盘
10:49:21,3.53,0.0,2,706.0,卖盘
10:49:24,3.54,0.010000000000000231,35,12390.0,买盘
10:49:27,3.53,-0.010000000000000231,42,14826.0,卖盘
10:49:33,3.54,0.010000000000000231,38,13452.0,买盘
10:49:37,3.54,0.0,7,2478.0,买盘
10:49:40,3.54,0.0,1,354.0,买盘
10:49:43,3.53,-0.010000000000000231,200,70600.0,卖盘
10:49:46,3.53,0.0,50,17650.0,卖盘
10:49:50,3.54,0.010000000000000231,33,11682.0,买盘
10:49:53,3.53,-0.010000000000000231,600,212000.0,卖盘
10:49:59,3.53,0.0,23,8119.0,卖盘
10:50:02,3.53,0.0,106,37418.0,卖盘
10:50:05,3.53,0.0,26,9194.0,卖盘
10:50:08,3.53,0.0,50,17650.0,卖盘
10:50:12,3.53,0.0,15,5295.0,卖盘
10:50:15,3.53,0.0,32,11296.0,卖盘
10:50:18,3.53,0.0,129,45769.97999998927,卖盘
10:50:21,3.54,0.010000000000000231,255,90335.02000001073,买盘
10:50:24,3.53,-0.010000000000000231,159,56127.0,卖盘
10:50:27,3.53,0.0,169,59889.97999998927,卖盘
10:50:30,3.53,0.0,118,41866.02000001073,买盘
10:50:33,3.53,0.0,8,2824.0,卖盘
10:50:40,3.53,0.0,1,353.0,卖盘
10:50:43,3.53,0.0,22,7766.0,卖盘
10:50:46,3.54,0.010000000000000231,25,8830.0,买盘
10:50:50,3.53,-0.010000000000000231,80,28269.0,卖盘
10:50:53,3.53,0.0,77,27185.0,卖盘
10:50:56,3.54,0.010000000000000231,63,22286.0,买盘
10:50:59,3.54,0.0,57,20178.0,买盘
10:51:02,3.53,-0.010000000000000231,98,34645.0,卖盘
10:51:09,3.54,0.010000000000000231,10,3540.0,买盘
10:51:12,3.54,0.0,10,3540.0,买盘
10:51:15,3.54,0.0,31,10974.0,买盘
10:51:18,3.54,0.0,203,71762.0,买盘
10:51:21,3.53,-0.010000000000000231,107,37778.0,卖盘
10:51:24,3.53,0.0,65,22952.0,卖盘
10:51:27,3.54,0.010000000000000231,9,3186.0,买盘
10:51:33,3.54,0.0,559,197736.0,买盘
10:51:37,3.54,0.0,37,13098.0,买盘
10:51:40,3.54,0.0,283,100182.0,买盘
10:51:42,3.54,0.0,165,58409.0,买盘
10:51:47,3.54,0.0,57,20179.0,卖盘
10:51:50,3.54,0.0,280,99204.0,卖盘
10:51:53,3.54,0.0,27,9558.0,卖盘
10:51:56,3.54,0.0,10,3540.0,卖盘
10:51:59,3.56,0.020000000000000018,2361,838138.0,买盘
10:52:02,3.55,-0.010000000000000231,210,74550.0,卖盘
10:52:09,3.55,0.0,182,64610.0,卖盘
10:52:12,3.55,0.0,1,355.0,卖盘
10:52:15,3.55,0.0,41,14595.0,卖盘
10:52:18,3.55,0.0,209,74198.0,卖盘
10:52:21,3.54,-0.009999999999999787,806,286021.0,卖盘
10:52:27,3.54,0.0,427,151425.0,卖盘
10:52:34,3.54,0.0,113,40002.0,卖盘
10:52:37,3.54,0.0,15,5310.0,卖盘
10:52:40,3.54,0.0,4,1416.0,卖盘
10:52:44,3.54,0.0,152,53808.0,卖盘
10:52:47,3.54,0.0,167,59118.0,卖盘
10:52:50,3.54,0.0,11,3894.0,卖盘
10:52:53,3.54,0.0,176,62304.0,卖盘
10:52:59,3.55,0.009999999999999787,77,27333.0,买盘
10:53:03,3.55,0.0,15,5325.0,买盘
10:53:06,3.54,-0.009999999999999787,1240,440070.0,卖盘
10:53:09,3.55,0.009999999999999787,300,106300.0,买盘
10:53:12,3.54,-0.009999999999999787,146,51684.0,卖盘
10:53:15,3.55,0.009999999999999787,5,1775.0,买盘
10:53:18,3.54,-0.009999999999999787,187,66260.0,卖盘
10:53:21,3.54,0.0,6,2124.0,买盘
10:53:24,3.54,0.0,43,15222.0,卖盘
10:53:27,3.54,0.0,78,27621.0,卖盘
10:53:31,3.55,0.009999999999999787,51,18105.0,买盘
10:53:38,3.55,0.0,20,7100.0,买盘
10:53:41,3.55,0.0,1,355.0,买盘
10:53:44,3.55,0.0,8,2840.0,买盘
10:53:47,3.54,-0.009999999999999787,147,52038.0,卖盘
10:53:50,3.54,0.0,1,354.0,卖盘
10:53:53,3.54,0.0,6,2124.0,卖盘
10:53:56,3.55,0.009999999999999787,33,11715.0,买盘
10:54:06,3.55,0.0,522,185310.0,买盘
10:54:09,3.54,-0.009999999999999787,66,23364.0,卖盘
10:54:12,3.55,0.009999999999999787,77,27335.0,买盘
10:54:15,3.55,0.0,218,77361.0,买盘
10:54:18,3.54,-0.009999999999999787,131,46374.0,卖盘
10:54:21,3.55,0.009999999999999787,5,1775.0,买盘
10:54:28,3.54,-0.009999999999999787,246,87294.0,卖盘
10:54:34,3.55,0.009999999999999787,17,6034.0,买盘
10:54:38,3.54,-0.009999999999999787,50,17700.0,卖盘
10:54:47,3.54,0.0,3,1062.0,卖盘
10:54:50,3.55,0.009999999999999787,67,23747.0,买盘
10:54:53,3.54,-0.009999999999999787,21,7449.0,卖盘
10:54:56,3.54,0.0,19,6726.0,卖盘
10:55:00,3.54,0.0,157,55578.0,卖盘
10:55:06,3.54,0.0,100,35400.0,卖盘
10:55:09,3.54,0.0,7,2478.0,卖盘
10:55:12,3.54,0.0,289,102306.0,卖盘
10:55:15,3.54,0.0,41,14514.0,买盘
10:55:18,3.53,-0.010000000000000231,31,10943.0,卖盘
10:55:25,3.54,0.010000000000000231,940,331954.0,买盘
10:55:28,3.53,-0.010000000000000231,5,1765.0,卖盘
10:55:31,3.53,0.0,30,10590.0,卖盘
10:55:35,3.54,0.010000000000000231,399,140873.0,买盘
10:55:38,3.53,-0.010000000000000231,1,353.0,卖盘
10:55:41,3.53,0.0,32,11327.0,卖盘
10:55:44,3.53,0.0,1,353.0,卖盘
10:55:50,3.54,0.010000000000000231,267,94356.0,买盘
10:55:53,3.54,0.0,160,56610.0,买盘
10:55:57,3.54,0.0,92,32561.0,买盘
10:56:00,3.54,0.0,373,132006.0,买盘
10:56:03,3.54,0.0,66,23344.0,买盘
10:56:06,3.53,-0.010000000000000231,82,28957.0,卖盘
10:56:09,3.53,0.0,176,62134.0,卖盘
10:56:12,3.54,0.010000000000000231,56,19794.0,买盘
10:56:15,3.54,0.0,29,10266.0,买盘
10:56:18,3.53,-0.010000000000000231,5,1765.0,卖盘
10:56:22,3.54,0.010000000000000231,63,22302.0,买盘
10:56:28,3.53,-0.010000000000000231,3,1059.0,卖盘
10:56:31,3.54,0.010000000000000231,110,38912.0,买盘
10:56:38,3.53,-0.010000000000000231,44,15532.0,卖盘
10:56:44,3.53,0.0,36,12708.0,卖盘
10:56:47,3.53,0.0,98,34602.0,卖盘
10:56:50,3.53,0.0,970,342410.0,卖盘
10:56:54,3.54,0.010000000000000231,37,13066.0,买盘
10:56:57,3.53,-0.010000000000000231,2,706.0,卖盘
10:57:00,3.53,0.0,2,706.0,卖盘
10:57:03,3.52,-0.009999999999999787,1190,419296.0,卖盘
10:57:06,3.54,0.020000000000000018,2,708.0,买盘
10:57:09,3.53,-0.010000000000000231,94,33182.0,卖盘
10:57:12,3.53,0.0,136,48008.0,买盘
10:57:15,3.53,0.0,1467,516451.0,买盘
10:57:18,3.54,0.010000000000000231,174,61423.0,买盘
10:57:22,3.53,-0.010000000000000231,19,6707.0,卖盘
10:57:25,3.53,0.0,17,6001.0,卖盘
10:57:28,3.53,0.0,76,26828.0,卖盘
10:57:31,3.53,0.0,33,11649.0,卖盘
10:57:38,3.53,0.0,74,26189.0,卖盘
10:57:41,3.53,0.0,120,42360.0,卖盘
10:57:44,3.53,0.0,137,48361.0,卖盘
10:57:47,3.54,0.010000000000000231,32,11325.0,买盘
10:57:50,3.54,0.0,96,33946.0,买盘
10:58:00,3.54,0.0,1,354.0,买盘
10:58:03,3.54,0.0,58,20502.0,买盘
10:58:06,3.53,-0.010000000000000231,203,71659.0,卖盘
10:58:09,3.53,0.0,81,28623.0,卖盘
10:58:12,3.54,0.010000000000000231,42,14868.0,买盘
10:58:15,3.54,0.0,19,6726.0,买盘
10:58:18,3.54,0.0,101,35750.0,买盘
10:58:22,3.54,0.0,65,23010.0,买盘
10:58:25,3.53,-0.010000000000000231,195,68840.0,卖盘
10:58:28,3.53,0.0,1,353.0,卖盘
10:58:31,3.53,0.0,3,1059.0,卖盘
10:58:35,3.54,0.010000000000000231,6,2120.0,买盘
10:58:38,3.53,-0.010000000000000231,20,7060.0,卖盘
10:58:41,3.53,0.0,20,7070.0,卖盘
10:58:44,3.53,0.0,11,3883.0,卖盘
10:58:47,3.53,0.0,30,10590.0,卖盘
10:58:50,3.53,0.0,141,49773.0,卖盘
10:58:54,3.54,0.010000000000000231,1,354.0,买盘
10:58:57,3.53,-0.010000000000000231,30,10590.0,卖盘
10:59:00,3.53,0.0,50,17650.0,卖盘
10:59:03,3.53,0.0,22,7766.0,卖盘
10:59:06,3.54,0.010000000000000231,345,121919.0,买盘
10:59:09,3.54,0.0,308,109005.0,买盘
10:59:12,3.54,0.0,144,50842.0,买盘
10:59:18,3.53,-0.010000000000000231,217,76601.0,卖盘
10:59:22,3.54,0.010000000000000231,114,40354.0,买盘
10:59:25,3.53,-0.010000000000000231,281,99194.0,卖盘
10:59:28,3.54,0.010000000000000231,9,3186.0,买盘
10:59:32,3.53,-0.010000000000000231,6,2118.0,卖盘
10:59:35,3.53,0.0,4,1412.0,卖盘
10:59:38,3.53,0.0,63,22239.0,卖盘
10:59:41,3.53,0.0,96,33888.0,买盘
10:59:47,3.53,0.0,4,1412.0,买盘
10:59:50,3.53,0.0,162,57186.0,买盘
10:59:54,3.53,0.0,16,5642.0,买盘
10:59:57,3.52,-0.009999999999999787,177,62404.0,卖盘
11:00:00,3.53,0.009999999999999787,83,29299.0,买盘
11:00:06,3.53,0.0,34,12002.0,卖盘
11:00:09,3.54,0.010000000000000231,179,63191.0,买盘
11:00:12,3.54,0.0,121,42734.0,买盘
11:00:15,3.54,0.0,109,38582.0,买盘
11:00:18,3.54,0.0,92,32531.0,买盘
11:00:22,3.54,0.0,131,46374.0,买盘
11:00:25,3.53,-0.010000000000000231,300,106134.0,卖盘
11:00:28,3.53,0.0,208,73586.0,卖盘
11:00:32,3.53,0.0,9,3177.0,卖盘
11:00:35,3.54,0.010000000000000231,50,17700.0,买盘
11:00:38,3.53,-0.010000000000000231,23,8119.0,卖盘
11:00:44,3.53,0.0,56,19818.0,卖盘
11:00:47,3.53,0.0,277,97781.0,卖盘
11:00:50,3.53,0.0,36,12708.0,卖盘
11:00:54,3.54,0.010000000000000231,32,11308.0,买盘
11:00:57,3.54,0.0,73,25815.0,买盘
11:01:00,3.54,0.0,62,21948.0,买盘
11:01:03,3.54,0.0,366,129534.0,买盘
11:01:06,3.53,-0.010000000000000231,33,11681.0,卖盘
11:01:09,3.55,0.020000000000000018,52,18396.0,买盘
11:01:12,3.54,-0.009999999999999787,57,20179.0,卖盘
11:01:15,3.54,0.0,34,12042.0,卖盘
11:01:18,3.55,0.009999999999999787,75,26620.0,买盘
11:01:22,3.55,0.0,119,42245.0,买盘
11:01:32,3.55,0.0,5,1775.0,买盘
11:01:35,3.55,0.0,10,3550.0,买盘
11:01:38,3.55,0.0,3,1065.0,买盘
11:01:44,3.55,0.0,12,4258.0,买盘
11:01:47,3.54,-0.009999999999999787,49,17346.0,卖盘
11:01:51,3.55,0.009999999999999787,325,115375.0,买盘
11:01:54,3.55,0.0,5,1773.0,买盘
11:01:57,3.55,0.0,1,355.0,买盘
11:02:00,3.55,0.0,2,710.0,买盘
11:02:03,3.55,0.0,9151,3248952.899999976,买盘
11:02:09,3.56,0.010000000000000231,129,45797.0,买盘
11:02:12,3.55,-0.010000000000000231,261,92709.0,卖盘
11:02:15,3.56,0.010000000000000231,13,4628.0,买盘
11:02:18,3.55,-0.010000000000000231,135,48050.0,卖盘
11:02:22,3.56,0.010000000000000231,50,17800.0,买盘
11:02:29,3.56,0.0,12,4272.0,买盘
11:02:32,3.55,-0.010000000000000231,90,31950.0,卖盘
11:02:35,3.56,0.010000000000000231,1691,601996.0,买盘
11:02:41,3.56,0.0,102,36312.0,卖盘
11:02:44,3.56,0.0,33,11780.0,卖盘
11:02:47,3.56,0.0,140,49840.0,卖盘
11:02:51,3.56,0.0,23,8188.0,卖盘
11:02:54,3.56,0.0,1,356.0,卖盘
11:02:57,3.56,0.0,6,2136.0,卖盘
11:03:00,3.57,0.009999999999999787,2,714.0,买盘
11:03:03,3.57,0.0,9,3213.0,买盘
11:03:06,3.57,0.0,120,42740.0,买盘
11:03:09,3.57,0.0,223,79502.0,买盘
11:03:12,3.56,-0.009999999999999787,82,29244.0,卖盘
11:03:15,3.57,0.009999999999999787,9,3213.0,买盘
11:03:18,3.56,-0.009999999999999787,92,32753.0,卖盘
11:03:26,3.57,0.009999999999999787,2924,1043868.0,买盘
11:03:29,3.57,0.0,471,167696.0,买盘
11:03:32,3.56,-0.009999999999999787,148,52688.0,卖盘
11:03:35,3.56,0.0,51,18156.0,买盘
11:03:38,3.56,0.0,27,9612.0,买盘
11:03:42,3.55,-0.010000000000000231,38,13490.0,卖盘
11:03:45,3.56,0.010000000000000231,1,356.0,买盘
11:03:48,3.56,0.0,141,50075.0,买盘
11:03:54,3.56,0.0,156,55536.0,买盘
11:03:57,3.55,-0.010000000000000231,514,182955.0,卖盘
11:04:00,3.57,0.020000000000000018,640,227864.0,买盘
11:04:06,3.56,-0.009999999999999787,1,356.0,卖盘
11:04:09,3.57,0.009999999999999787,46,16421.0,买盘
11:04:16,3.57,0.0,1006,359142.0,买盘
11:04:23,3.58,0.010000000000000231,57,20406.0,买盘
11:04:26,3.58,0.0,41,14657.0,买盘
11:04:29,3.58,0.0,111,39682.0,买盘
11:04:32,3.57,-0.010000000000000231,10,3570.0,卖盘
11:04:35,3.58,0.010000000000000231,50,17900.0,买盘
11:04:39,3.58,0.0,11,3938.0,买盘
11:04:42,3.58,0.0,593,212294.0,买盘
11:04:45,3.58,0.0,23,8234.0,买盘
11:04:48,3.57,-0.010000000000000231,18,6426.0,卖盘
11:04:57,3.58,0.010000000000000231,114,40812.0,买盘
11:05:00,3.58,0.0,1716,614328.0,买盘
11:05:03,3.58,0.0,55,19690.0,买盘
11:05:06,3.58,0.0,58,20764.0,买盘
11:05:10,3.58,0.0,43,15394.0,买盘
11:05:13,3.58,0.0,30,10740.0,买盘
11:05:20,3.57,-0.010000000000000231,127,45339.0,卖盘
11:05:23,3.58,0.010000000000000231,59,21122.0,买盘
11:05:26,3.58,0.0,101,36058.0,买盘
11:05:29,3.58,0.0,50,17900.0,买盘
11:05:32,3.58,0.0,368,131738.0,买盘
11:05:39,3.58,0.0,12,4296.0,买盘
11:05:42,3.58,0.0,143,51194.0,买盘
11:05:45,3.58,0.0,67,23986.0,买盘
11:05:48,3.58,0.0,66,23626.0,买盘
11:05:51,3.58,0.0,169,60502.0,买盘
11:05:54,3.58,0.0,772,276375.0,买盘
11:05:57,3.59,0.009999999999999787,12,4301.0,买盘
11:06:00,3.59,0.0,455,163334.0,买盘
11:06:03,3.59,0.0,21,7539.0,买盘
11:06:07,3.59,0.0,128,45952.0,买盘
11:06:10,3.59,0.0,28,10052.0,买盘
11:06:13,3.59,0.0,283,101366.0,买盘
11:06:17,3.59,0.0,27,9691.0,买盘
11:06:20,3.59,0.0,14,5026.0,买盘
11:06:23,3.59,0.0,112,40208.0,买盘
11:06:26,3.59,0.0,41,14719.0,买盘
11:06:29,3.59,0.0,25,8962.0,买盘
11:06:32,3.59,0.0,42,15078.0,买盘
11:06:36,3.59,0.0,57,20463.0,买盘
11:06:39,3.59,0.0,30,10770.0,买盘
11:06:42,3.59,0.0,37,13283.0,买盘
11:06:45,3.59,0.0,71,25489.0,买盘
11:06:48,3.59,0.0,13,4664.0,买盘
11:06:51,3.59,0.0,95,34105.0,买盘
11:06:54,3.59,0.0,258,92611.0,买盘
11:06:57,3.59,0.0,94,33746.0,买盘
11:07:00,3.59,0.0,637,228291.0,买盘
11:07:04,3.59,0.0,20,7180.0,买盘
11:07:07,3.59,0.0,1,359.0,买盘
11:07:10,3.59,0.0,169,60671.0,买盘
11:07:13,3.59,0.0,25,8975.0,买盘
11:07:17,3.59,0.0,56,20104.0,买盘
11:07:20,3.58,-0.009999999999999787,5,1794.0,卖盘
11:07:23,3.58,0.0,32,11483.0,卖盘
11:07:26,3.58,0.0,339,121362.0,卖盘
11:07:29,3.58,0.0,153,54774.0,卖盘
11:07:32,3.58,0.0,11,3938.0,卖盘
11:07:36,3.58,0.0,62,22196.0,卖盘
11:07:39,3.58,0.0,41,14678.0,卖盘
11:07:42,3.58,0.0,57,20428.0,卖盘
11:07:45,3.58,0.0,68,24344.0,卖盘
11:07:48,3.58,0.0,43,15394.0,卖盘
11:07:51,3.58,0.0,376,134643.0,卖盘
11:07:54,3.58,0.0,864,309312.0,卖盘
11:07:57,3.58,0.0,102,36516.0,卖盘
11:08:00,3.58,0.0,122,43676.0,卖盘
11:08:04,3.58,0.0,64,22912.0,卖盘
11:08:07,3.59,0.009999999999999787,26,9310.0,买盘
11:08:10,3.58,-0.009999999999999787,48,17196.0,卖盘
11:08:14,3.58,0.0,67,23986.0,卖盘
11:08:17,3.58,0.0,167,59786.0,卖盘
11:08:20,3.58,0.0,291,104178.0,卖盘
11:08:23,3.58,0.0,284,101672.0,卖盘
11:08:26,3.58,0.0,71,25418.0,卖盘
11:08:29,3.58,0.0,209,74830.0,卖盘
11:08:32,3.58,0.0,55,19715.0,卖盘
11:08:36,3.58,0.0,157,56206.0,卖盘
11:08:39,3.58,0.0,473,169334.0,卖盘
11:08:42,3.58,0.0,44,15750.0,买盘
11:08:45,3.58,0.0,175,62650.0,买盘
11:08:51,3.58,0.0,30,10740.0,买盘
11:08:54,3.57,-0.010000000000000231,106,37888.0,卖盘
11:08:57,3.58,0.010000000000000231,126,45108.0,买盘
11:09:00,3.58,0.0,44,15752.0,买盘
11:09:04,3.58,0.0,212,75737.0,买盘
11:09:07,3.58,0.0,187,66775.0,买盘
11:09:10,3.58,0.0,14,5010.0,买盘
11:09:14,3.58,0.0,15,5370.0,买盘
11:09:17,3.57,-0.010000000000000231,117,41791.0,卖盘
11:09:20,3.58,0.010000000000000231,533,190811.0,买盘
11:09:23,3.57,-0.010000000000000231,60,21434.0,卖盘
11:09:26,3.57,0.0,71,25347.0,卖盘
11:09:29,3.57,0.0,57,20349.0,卖盘
11:09:33,3.57,0.0,123,43890.0,卖盘
11:09:36,3.57,0.0,1,357.0,卖盘
11:09:39,3.57,0.0,61,21777.0,卖盘
11:09:45,3.57,0.0,10,3570.0,卖盘
11:09:48,3.57,0.0,70,24990.0,卖盘
11:09:51,3.57,0.0,81,28917.0,卖盘
11:09:54,3.57,0.0,73,26061.0,卖盘
11:09:57,3.57,0.0,28,9996.0,卖盘
11:10:01,3.57,0.0,85,30345.0,卖盘
11:10:04,3.57,0.0,304,108528.0,卖盘
11:10:07,3.57,0.0,11,3929.0,卖盘
11:10:14,3.57,0.0,14,4998.0,卖盘
11:10:17,3.57,0.0,12,4284.0,卖盘
11:10:23,3.58,0.010000000000000231,1,358.0,买盘
11:10:26,3.57,-0.010000000000000231,358,127806.0,卖盘
11:10:30,3.57,0.0,12,4284.0,买盘
11:10:33,3.57,0.0,258,92106.0,买盘
11:10:36,3.57,0.0,73,26042.0,买盘
11:10:39,3.57,0.0,19,6783.0,买盘
11:10:42,3.57,0.0,44,15708.0,买盘
11:10:45,3.57,0.0,108,38556.0,卖盘
11:10:48,3.57,0.0,271,96742.0,卖盘
11:10:51,3.57,0.0,1,357.0,买盘
11:10:54,3.57,0.0,39,13923.0,卖盘
11:10:58,3.57,0.0,21,7498.0,卖盘
11:11:04,3.57,0.0,10,3570.0,卖盘
11:11:11,3.57,0.0,53,18925.0,卖盘
11:11:14,3.57,0.0,50,17850.0,卖盘
11:11:17,3.57,0.0,2,714.0,卖盘
11:11:20,3.57,0.0,3,1072.0,卖盘
11:11:23,3.57,0.0,21,7497.0,卖盘
11:11:30,3.57,0.0,10,3570.0,卖盘
11:11:33,3.57,0.0,52,18589.0,卖盘
11:11:36,3.58,0.010000000000000231,42,15013.0,买盘
11:11:39,3.57,-0.010000000000000231,121,43197.0,卖盘
11:11:42,3.58,0.010000000000000231,117,41886.0,买盘
11:11:45,3.57,-0.010000000000000231,71,25388.0,卖盘
11:11:48,3.58,0.010000000000000231,68,24331.0,买盘
11:11:51,3.58,0.0,23,8234.0,买盘
11:11:54,3.57,-0.010000000000000231,92,32894.0,卖盘
11:11:58,3.58,0.010000000000000231,54,19299.0,买盘
11:12:01,3.58,0.0,17,6086.0,买盘
11:12:04,3.58,0.0,401,143261.0,买盘
11:12:08,3.57,-0.010000000000000231,142,50933.189999997616,卖盘
11:12:11,3.57,0.0,15,5368.0,卖盘
11:12:17,3.58,0.010000000000000231,8,2864.0,买盘
11:12:20,3.57,-0.010000000000000231,83,29633.0,卖盘
11:12:24,3.58,0.010000000000000231,37,13246.0,买盘
11:12:27,3.57,-0.010000000000000231,26,9282.0,卖盘
11:12:30,3.58,0.010000000000000231,11,3938.0,买盘
11:12:33,3.58,0.0,33,11812.0,买盘
11:12:36,3.57,-0.010000000000000231,85,30359.0,卖盘
11:12:39,3.58,0.010000000000000231,64,22912.0,买盘
11:12:42,3.58,0.0,12,4296.0,买盘
11:12:45,3.58,0.0,45,16110.0,买盘
11:12:52,3.58,0.0,191,68378.0,买盘
11:12:55,3.58,0.0,65,23263.0,买盘
11:12:58,3.58,0.0,185,66230.0,买盘
11:13:02,3.58,0.0,209,74822.0,买盘
11:13:05,3.58,0.0,15,5370.0,买盘
11:13:08,3.58,0.0,13,4654.0,买盘
11:13:11,3.57,-0.010000000000000231,35,12519.0,卖盘
11:13:14,3.58,0.010000000000000231,195,69685.0,买盘
11:13:17,3.58,0.0,10,3580.0,买盘
11:13:21,3.58,0.0,10,3580.0,买盘
11:13:24,3.58,0.0,29,10381.0,买盘
11:13:27,3.58,0.0,23,8234.0,买盘
11:13:30,3.58,0.0,42,15036.0,买盘
11:13:33,3.57,-0.010000000000000231,112,40094.0,卖盘
11:13:36,3.57,0.0,15,5355.0,卖盘
11:13:39,3.57,0.0,2,715.0,卖盘
11:13:45,3.58,0.010000000000000231,39,13925.0,买盘
11:13:49,3.57,-0.010000000000000231,60,21433.0,卖盘
11:13:52,3.58,0.010000000000000231,30,10726.0,买盘
11:13:55,3.57,-0.010000000000000231,93,33204.0,卖盘
11:13:59,3.58,0.010000000000000231,47,16810.0,买盘
11:14:02,3.58,0.0,132,47256.0,买盘
11:14:05,3.58,0.0,176,62844.0,买盘
11:14:11,3.58,0.0,23,8234.0,买盘
11:14:14,3.58,0.0,96,34368.0,买盘
11:14:17,3.58,0.0,2,716.0,买盘
11:14:21,3.58,0.0,41,14678.0,买盘
11:14:24,3.58,0.0,148,52984.0,买盘
11:14:27,3.58,0.0,24,8592.0,买盘
11:14:30,3.58,0.0,189,67659.0,买盘
11:14:33,3.58,0.0,154,55132.0,买盘
11:14:36,3.58,0.0,3,1074.0,买盘
11:14:39,3.58,0.0,197,70526.0,买盘
11:14:42,3.58,0.0,85,30430.0,买盘
11:14:46,3.58,0.0,28,10024.0,买盘
11:14:49,3.58,0.0,7,2506.0,买盘
11:14:52,3.58,0.0,101,36158.0,买盘
11:14:55,3.58,0.0,1,358.0,卖盘
11:14:59,3.58,0.0,105,37590.0,卖盘
11:15:02,3.58,0.0,5,1790.0,卖盘
11:15:05,3.58,0.0,14,5012.0,卖盘
11:15:08,3.59,0.009999999999999787,128,45826.0,买盘
11:15:11,3.59,0.0,34,12191.0,买盘
11:15:14,3.59,0.0,53,19027.0,买盘
11:15:21,3.59,0.0,20,7180.0,买盘
11:15:24,3.59,0.0,181,64917.0,买盘
11:15:27,3.59,0.0,37,13283.0,买盘
11:15:30,3.59,0.0,127,45588.0,买盘
11:15:33,3.59,0.0,105,37611.0,买盘
11:15:39,3.59,0.0,33,11844.0,买盘
11:15:46,3.58,-0.009999999999999787,47,16836.0,卖盘
11:15:49,3.59,0.009999999999999787,30,10744.0,买盘
11:15:52,3.59,0.0,91,32669.0,买盘
11:15:55,3.59,0.0,60,21540.0,买盘
11:15:59,3.59,0.0,545,195183.0,买盘
11:16:02,3.59,0.0,132,47388.0,买盘
11:16:05,3.59,0.0,44,15796.0,买盘
11:16:08,3.59,0.0,16,5744.0,买盘
11:16:11,3.59,0.0,81,29079.0,买盘
11:16:14,3.58,-0.009999999999999787,18,6456.0,卖盘
11:16:18,3.59,0.009999999999999787,228,81852.0,买盘
11:16:21,3.59,0.0,22,7898.0,买盘
11:16:24,3.59,0.0,26,9329.0,买盘
11:16:27,3.59,0.0,121,43439.0,买盘
11:16:30,3.59,0.0,129,46211.0,买盘
11:16:33,3.58,-0.009999999999999787,577,206677.0,卖盘
11:16:36,3.59,0.009999999999999787,1676,601684.0,买盘
11:16:39,3.59,0.0,210,75390.0,卖盘
11:16:43,3.59,0.0,100,35900.0,卖盘
11:16:49,3.59,0.0,91,32669.0,卖盘
11:16:52,3.59,0.0,207,74313.0,卖盘
11:16:56,3.59,0.0,9,3231.0,卖盘
11:16:59,3.6,0.010000000000000231,7,2520.0,买盘
11:17:02,3.59,-0.010000000000000231,627,225093.0,卖盘
11:17:05,3.59,0.0,60,21540.0,买盘
11:17:08,3.59,0.0,15,5385.0,买盘
11:17:11,3.59,0.0,20,7180.0,买盘
11:17:14,3.59,0.0,38,13635.0,买盘
11:17:18,3.59,0.0,402,144255.0,买盘
11:17:21,3.59,0.0,51,18309.0,买盘
11:17:24,3.59,0.0,85,30515.0,买盘
11:17:27,3.59,0.0,181,64829.0,买盘
11:17:30,3.59,0.0,41,14709.0,买盘
11:17:33,3.59,0.0,6,2151.0,买盘
11:17:36,3.59,0.0,600,215400.0,买盘
11:17:39,3.59,0.0,54,19386.0,买盘
11:17:43,3.59,0.0,5,1795.0,买盘
11:17:49,3.58,-0.009999999999999787,118,42345.0,卖盘
11:17:52,3.59,0.009999999999999787,8,2869.0,买盘
11:17:56,3.59,0.0,6,2154.0,买盘
11:17:59,3.59,0.0,13,4667.0,买盘
11:18:02,3.59,0.0,139,49890.0,买盘
11:18:05,3.59,0.0,46,16489.0,买盘
11:18:08,3.59,0.0,23,8247.0,买盘
11:18:11,3.59,0.0,48,17231.0,买盘
11:18:15,3.59,0.0,6,2154.0,买盘
11:18:18,3.59,0.0,801,287559.0,买盘
11:18:24,3.6,0.010000000000000231,25,8977.0,买盘
11:18:27,3.59,-0.010000000000000231,32,11509.0,卖盘
11:18:30,3.6,0.010000000000000231,242,87120.0,买盘
11:18:33,3.6,0.0,331,119160.0,买盘
11:18:36,3.6,0.0,35,12600.0,买盘
11:18:40,3.6,0.0,13,4680.0,买盘
11:18:43,3.59,-0.010000000000000231,119,42740.0,卖盘
11:18:46,3.6,0.010000000000000231,5,1800.0,买盘
11:18:49,3.6,0.0,21,7560.0,买盘
11:18:53,3.59,-0.010000000000000231,1108,397796.0,卖盘
11:18:56,3.6,0.010000000000000231,46,16555.0,买盘
11:18:59,3.6,0.0,29,10425.0,买盘
11:19:02,3.6,0.0,415,149141.0,买盘
11:19:05,3.6,0.0,183,65866.0,买盘
11:19:08,3.6,0.0,11,3960.0,买盘
11:19:12,3.59,-0.010000000000000231,791,283989.0,卖盘
11:19:15,3.59,0.0,340,122060.0,买盘
11:19:18,3.59,0.0,13,4667.0,买盘
11:19:21,3.59,0.0,23,8257.0,买盘
11:19:24,3.59,0.0,68,24389.0,买盘
11:19:27,3.59,0.0,19,6819.0,买盘
11:19:30,3.58,-0.009999999999999787,831,297767.0,卖盘
11:19:33,3.57,-0.010000000000000231,1235,441957.0,卖盘
11:19:36,3.58,0.010000000000000231,14,5012.0,买盘
11:19:40,3.58,0.0,26,9308.0,买盘
11:19:43,3.58,0.0,39,13962.0,买盘
11:19:46,3.57,-0.010000000000000231,52,18565.0,卖盘
11:19:56,3.57,0.0,13,4641.0,卖盘
11:19:59,3.57,0.0,344,122808.0,卖盘
11:20:02,3.57,0.0,145,51765.0,买盘
11:20:05,3.57,0.0,36,12852.0,买盘
11:20:08,3.57,0.0,72,25704.0,买盘
11:20:12,3.57,0.0,246,87627.0,买盘
11:20:15,3.56,-0.009999999999999787,38,13536.0,卖盘
11:20:18,3.56,0.0,6,2137.0,卖盘
11:20:21,3.56,0.0,3,1068.0,卖盘
11:20:24,3.56,0.0,13,4629.0,卖盘
11:20:27,3.56,0.0,13,4628.0,卖盘
11:20:30,3.57,0.009999999999999787,56,19992.0,买盘
11:20:33,3.57,0.0,40,14280.0,卖盘
11:20:37,3.57,0.0,1328,472951.0,卖盘
11:20:40,3.57,0.0,22,7854.0,买盘
11:20:43,3.57,0.0,5,1785.0,买盘
11:20:46,3.57,0.0,51,18232.0,买盘
11:20:50,3.57,0.0,9,3213.0,买盘
11:20:53,3.57,0.0,57,20349.0,买盘
11:20:56,3.56,-0.009999999999999787,282,100434.0,卖盘
11:20:59,3.57,0.009999999999999787,6,2142.0,买盘
11:21:02,3.56,-0.009999999999999787,93,33129.0,卖盘
11:21:06,3.56,0.0,319,113764.0,卖盘
11:21:12,3.57,0.009999999999999787,3,1071.0,买盘
11:21:15,3.57,0.0,83,29631.0,买盘
11:21:18,3.57,0.0,6,2142.0,卖盘
11:21:21,3.57,0.0,8,2856.0,卖盘
11:21:24,3.57,0.0,192,68590.0,卖盘
11:21:27,3.57,0.0,75,26775.0,卖盘
11:21:30,3.58,0.010000000000000231,5,1790.0,买盘
11:21:34,3.57,-0.010000000000000231,156,55715.0,卖盘
11:21:37,3.58,0.010000000000000231,17,6070.0,买盘
11:21:40,3.58,0.0,4,1432.0,买盘
11:21:47,3.58,0.0,32,11456.0,买盘
11:21:53,3.58,0.0,134,47972.0,买盘
11:21:56,3.58,0.0,511,182934.0,买盘
11:22:06,3.57,-0.010000000000000231,934,333982.0,卖盘
11:22:08,3.57,0.0,66,23562.0,买盘
11:22:12,3.57,0.0,74,26418.0,卖盘
11:22:15,3.57,0.0,20,7140.0,卖盘
11:22:18,3.57,0.0,7,2499.0,卖盘
11:22:21,3.57,0.0,736,262741.0,买盘
11:22:24,3.57,0.0,288,102804.0,买盘
11:22:27,3.58,0.010000000000000231,263,93903.0,买盘
11:22:34,3.58,0.0,32,11455.0,买盘
11:22:40,3.58,0.0,15,5370.0,买盘
11:22:44,3.58,0.0,200,71500.0,买盘
11:22:47,3.58,0.0,2,716.0,买盘
11:22:50,3.58,0.0,34,12172.0,买盘
11:22:53,3.58,0.0,6,2148.0,买盘
11:22:56,3.58,0.0,59,21122.0,买盘
11:22:59,3.58,0.0,21,7515.0,买盘
11:23:03,3.58,0.0,140,50120.0,买盘
11:23:06,3.58,0.0,39,13962.0,买盘
11:23:12,3.58,0.0,51,18258.0,买盘
11:23:15,3.58,0.0,25,8950.0,买盘
11:23:18,3.57,-0.010000000000000231,14,5009.0,卖盘
11:23:21,3.58,0.010000000000000231,17,6086.0,买盘
11:23:24,3.57,-0.010000000000000231,6,2147.0,卖盘
11:23:31,3.57,0.0,100,35700.0,卖盘
11:23:40,3.58,0.010000000000000231,51,18252.0,买盘
11:23:44,3.57,-0.010000000000000231,45,16066.0,卖盘
11:23:47,3.57,0.0,313,112044.0,卖盘
11:23:50,3.58,0.010000000000000231,452,161366.0,买盘
11:23:53,3.57,-0.010000000000000231,68,24282.0,卖盘
11:23:56,3.58,0.010000000000000231,64,22902.0,买盘
11:23:59,3.57,-0.010000000000000231,21,7517.0,卖盘
11:24:03,3.58,0.010000000000000231,113,40454.0,买盘
11:24:06,3.58,0.0,23,8230.0,买盘
11:24:09,3.58,0.0,152,54416.0,买盘
11:24:12,3.58,0.0,45,16110.0,买盘
11:24:15,3.58,0.0,63,22554.0,买盘
11:24:18,3.58,0.0,3,1074.0,买盘
11:24:21,3.58,0.0,24,8592.0,买盘
11:24:24,3.58,0.0,152,54303.0,买盘
11:24:27,3.58,0.0,122,43676.0,买盘
11:24:31,3.57,-0.010000000000000231,319,114064.0,卖盘
11:24:34,3.58,0.010000000000000231,13,4654.0,买盘
11:24:37,3.58,0.0,6,2148.0,买盘
11:24:41,3.58,0.0,893,319694.0,买盘
11:24:44,3.58,0.0,22,7876.0,卖盘
11:24:47,3.58,0.0,11,3938.0,卖盘
11:24:50,3.58,0.0,20,7160.0,卖盘
11:24:56,3.58,0.0,50,17900.0,卖盘
11:25:03,3.58,0.0,50,17900.0,卖盘
11:25:08,3.58,0.0,6,2148.0,卖盘
11:25:12,3.58,0.0,22,7876.0,卖盘
11:25:18,3.58,0.0,396,141768.0,卖盘
11:25:21,3.58,0.0,1146,410268.0,卖盘
11:25:24,3.58,0.0,36,12888.0,卖盘
11:25:28,3.58,0.0,575,205850.0,卖盘
11:25:31,3.58,0.0,13,4654.0,卖盘
11:25:34,3.58,0.0,447,160026.0,卖盘
11:25:37,3.58,0.0,68,24344.0,卖盘
11:25:41,3.58,0.0,118,42244.0,买盘
11:25:50,3.58,0.0,118,42238.0,买盘
11:25:53,3.58,0.0,73,26134.0,买盘
11:25:56,3.58,0.0,57,20399.0,买盘
11:26:00,3.57,-0.010000000000000231,75,26849.0,卖盘
11:26:03,3.58,0.010000000000000231,134,47969.0,买盘
11:26:06,3.58,0.0,330,118140.0,卖盘
11:26:09,3.58,0.0,11,3938.0,买盘
11:26:12,3.58,0.0,43,15382.0,买盘
11:26:18,3.58,0.0,14,5012.0,买盘
11:26:21,3.58,0.0,32,11456.0,买盘
11:26:25,3.58,0.0,26,9308.0,买盘
11:26:28,3.58,0.0,14,5012.0,买盘
11:26:31,3.58,0.0,99,35442.0,买盘
11:26:34,3.58,0.0,45,16110.0,买盘
11:26:38,3.58,0.0,6,2148.0,买盘
11:26:41,3.58,0.0,26,9308.0,买盘
11:26:44,3.58,0.0,17,6086.0,买盘
11:26:47,3.57,-0.010000000000000231,1146,410146.0,卖盘
11:26:50,3.58,0.010000000000000231,11,3938.0,买盘
11:26:53,3.58,0.0,34,12158.0,买盘
11:26:57,3.57,-0.010000000000000231,217,77508.0,卖盘
11:27:00,3.57,0.0,92,32844.0,买盘
11:27:03,3.57,0.0,174,62118.0,买盘
11:27:06,3.57,0.0,21,7497.0,买盘
11:27:09,3.56,-0.009999999999999787,35,12460.0,卖盘
11:27:12,3.56,0.0,19,6782.0,卖盘
11:27:15,3.56,0.0,51,18193.0,卖盘
11:27:18,3.56,0.0,2,712.0,卖盘
11:27:21,3.56,0.0,9,3204.0,卖盘
11:27:28,3.56,0.0,7,2492.0,卖盘
11:27:31,3.57,0.009999999999999787,8,2856.0,买盘
11:27:35,3.57,0.0,25,8925.0,买盘
11:27:38,3.57,0.0,57,20301.0,买盘
11:27:41,3.57,0.0,24,8568.0,买盘
11:27:47,3.56,-0.009999999999999787,101,35956.0,卖盘
11:27:50,3.57,0.009999999999999787,6,2142.0,买盘
11:27:54,3.57,0.0,119,42383.0,买盘
11:27:57,3.57,0.0,56,19992.0,买盘
11:28:00,3.57,0.0,364,129948.0,买盘
11:28:08,3.57,0.0,10,3570.0,卖盘
11:28:12,3.57,0.0,9,3213.0,卖盘
11:28:15,3.57,0.0,3,1071.0,卖盘
11:28:18,3.57,0.0,112,39984.0,卖盘
11:28:22,3.57,0.0,13,4641.0,卖盘
11:28:25,3.57,0.0,100,35700.0,卖盘
11:28:28,3.57,0.0,4,1428.0,卖盘
11:28:32,3.57,0.0,33,11781.0,卖盘
11:28:35,3.57,0.0,50,17850.0,卖盘
11:28:44,3.57,0.0,2,714.0,卖盘
11:28:47,3.57,0.0,8,2856.0,卖盘
11:28:51,3.57,0.0,6,2142.0,卖盘
11:28:54,3.57,0.0,11,3927.0,卖盘
11:29:06,3.57,0.0,322,114960.0,卖盘
11:29:15,3.58,0.010000000000000231,6,2144.0,买盘
11:29:19,3.58,0.0,31,11071.0,买盘
11:29:22,3.58,0.0,183,65514.0,买盘
11:29:25,3.58,0.0,171,61118.0,买盘
11:29:29,3.58,0.0,45,16110.0,买盘
11:29:32,3.58,0.0,310,110980.0,买盘
11:29:35,3.58,0.0,54,19290.0,买盘
11:29:38,3.58,0.0,30,10740.0,买盘
11:29:41,3.58,0.0,28,10024.0,买盘
11:29:44,3.58,0.0,55,19685.0,买盘
11:29:48,3.57,-0.010000000000000231,1,357.0,卖盘
11:29:54,3.57,0.0,25,8925.0,卖盘
11:30:03,3.57,0.0,947,338079.0,卖盘
13:00:02,3.57,0.0,554,197962.0,卖盘
13:00:06,3.56,-0.009999999999999787,1265,451440.0,卖盘
13:00:09,3.57,0.009999999999999787,338,120472.0,买盘
13:00:12,3.56,-0.009999999999999787,315,112250.0,卖盘
13:00:15,3.57,0.009999999999999787,150,53546.0,买盘
13:00:21,3.57,0.0,13,4641.0,买盘
13:00:24,3.57,0.0,15,5354.0,买盘
13:00:27,3.57,0.0,14,4998.0,买盘
13:00:31,3.57,0.0,5,1785.0,买盘
13:00:34,3.57,0.0,152,54225.0,买盘
13:00:37,3.56,-0.009999999999999787,9,3205.0,卖盘
13:00:44,3.56,0.0,68,24210.0,卖盘
13:00:47,3.57,0.009999999999999787,700,249900.0,买盘
13:00:50,3.56,-0.009999999999999787,7,2492.0,卖盘
13:00:53,3.57,0.009999999999999787,14,4998.0,买盘
13:00:59,3.57,0.0,22,7850.0,买盘
13:01:03,3.57,0.0,13,4641.0,买盘
13:01:06,3.57,0.0,179,63748.0,买盘
13:01:09,3.57,0.0,10,3570.0,买盘
13:01:12,3.57,0.0,71,25347.0,买盘
13:01:15,3.57,0.0,49,17493.0,买盘
13:01:18,3.57,0.0,2,714.0,买盘
13:01:24,3.57,0.0,13,4641.0,买盘
13:01:28,3.56,-0.009999999999999787,17,6054.0,卖盘
13:01:38,3.57,0.009999999999999787,41,14601.0,买盘
13:01:44,3.55,-0.020000000000000018,659,234383.0,卖盘
13:01:50,3.56,0.010000000000000231,18,6408.0,买盘
13:01:53,3.55,-0.010000000000000231,93,33015.0,卖盘
13:01:57,3.55,0.0,3,1065.0,卖盘
13:02:00,3.55,0.0,67,23785.0,卖盘
13:02:06,3.55,0.0,213,75615.0,卖盘
13:02:09,3.55,0.0,1889,670595.0,卖盘
13:02:12,3.55,0.0,520,184599.0,买盘
13:02:15,3.54,-0.009999999999999787,211,74705.0,卖盘
13:02:18,3.55,0.009999999999999787,739,262345.0,买盘
13:02:21,3.55,0.0,35,12425.0,买盘
13:02:25,3.55,0.0,238,84490.0,买盘
13:02:28,3.56,0.010000000000000231,1,356.0,买盘
13:02:38,3.55,-0.010000000000000231,10,3550.0,卖盘
13:02:41,3.55,0.0,90,31950.0,卖盘
13:02:44,3.55,0.0,20,7100.0,卖盘
13:02:47,3.55,0.0,3,1065.0,卖盘
13:02:50,3.55,0.0,4,1420.0,卖盘
13:03:00,3.55,0.0,88,31323.0,卖盘
13:03:03,3.55,0.0,50,17750.0,卖盘
13:03:06,3.55,0.0,18,6392.0,卖盘
13:03:09,3.55,0.0,52,18460.0,卖盘
13:03:12,3.56,0.010000000000000231,190,67460.0,买盘
13:03:25,3.55,-0.010000000000000231,5,1775.0,卖盘
13:03:41,3.55,0.0,6,2130.0,卖盘
13:03:44,3.55,0.0,1,355.0,卖盘
13:03:47,3.55,0.0,17,6035.0,卖盘
13:03:54,3.56,0.010000000000000231,3,1066.0,买盘
13:03:57,3.56,0.0,213,75629.0,买盘
13:04:00,3.55,-0.010000000000000231,17,6035.0,卖盘
13:04:09,3.55,0.0,6,2130.0,买盘
13:04:12,3.54,-0.009999999999999787,84,29808.0,卖盘
13:04:15,3.55,0.009999999999999787,22,7797.0,买盘
13:04:19,3.55,0.0,319,113213.0,买盘
13:04:22,3.55,0.0,2,710.0,卖盘
13:04:25,3.55,0.0,21,7455.0,卖盘
13:04:32,3.55,0.0,14,4970.0,卖盘
13:04:35,3.55,0.0,1,355.0,卖盘
13:04:38,3.55,0.0,30,10650.0,卖盘
13:04:41,3.56,0.010000000000000231,100,35600.0,买盘
13:04:44,3.55,-0.010000000000000231,28,9940.0,卖盘
13:04:47,3.55,0.0,2,710.0,卖盘
13:04:51,3.55,0.0,5,1775.0,卖盘
13:04:54,3.55,0.0,114,40470.0,卖盘
13:04:57,3.55,0.0,15,5325.0,买盘
13:05:00,3.55,0.0,232,82360.0,买盘
13:05:09,3.55,0.0,524,186025.0,卖盘
13:05:12,3.55,0.0,126,44684.0,买盘
13:05:22,3.54,-0.009999999999999787,22,7788.0,卖盘
13:05:26,3.54,0.0,7,2478.0,卖盘
13:05:29,3.54,0.0,1,354.0,卖盘
13:05:38,3.55,0.009999999999999787,21,7453.0,买盘
13:05:41,3.54,-0.009999999999999787,19,6726.0,卖盘
13:05:44,3.54,0.0,26,9204.0,卖盘
13:05:48,3.54,0.0,7,2478.0,卖盘
13:05:51,3.54,0.0,10,3540.0,卖盘
13:05:54,3.54,0.0,94,33279.0,卖盘
13:05:57,3.54,0.0,15,5310.0,卖盘
13:06:03,3.54,0.0,71,25145.0,卖盘
13:06:06,3.55,0.009999999999999787,14,4970.0,买盘
13:06:09,3.54,-0.009999999999999787,7,2478.0,卖盘
13:06:12,3.55,0.009999999999999787,60,21300.0,买盘
13:06:16,3.54,-0.009999999999999787,0,70.80000001192093,卖盘
13:06:19,3.55,0.009999999999999787,10,3550.0,买盘
13:06:23,3.55,0.0,34,12050.0,买盘
13:06:29,3.55,0.0,44,15580.0,买盘
13:06:32,3.54,-0.009999999999999787,4,1416.0,卖盘
13:06:35,3.55,0.009999999999999787,214,75938.0,买盘
13:06:38,3.54,-0.009999999999999787,22,7801.0,卖盘
13:06:42,3.54,0.0,53,18808.0,卖盘
13:06:45,3.54,0.0,1,354.0,卖盘
13:06:48,3.54,0.0,1,354.0,卖盘
13:06:54,3.54,0.0,5,1770.0,卖盘
13:06:57,3.55,0.009999999999999787,36,12747.0,买盘
13:07:00,3.55,0.0,100,35500.0,买盘
13:07:06,3.54,-0.009999999999999787,12,4248.0,卖盘
13:07:10,3.55,0.009999999999999787,1,355.0,买盘
13:07:17,3.54,-0.009999999999999787,31,10978.0,卖盘
13:07:20,3.55,0.009999999999999787,10,3550.0,买盘
13:07:26,3.55,0.0,208,73840.0,买盘
13:07:29,3.55,0.0,122,43279.0,买盘
13:07:32,3.54,-0.009999999999999787,88,31160.0,卖盘
13:07:35,3.55,0.009999999999999787,2,710.0,买盘
13:07:39,3.54,-0.009999999999999787,13,4602.0,卖盘
13:07:42,3.55,0.009999999999999787,35,12425.0,买盘
13:07:45,3.55,0.0,17,6032.0,买盘
13:07:48,3.54,-0.009999999999999787,35,12390.0,卖盘
13:07:51,3.55,0.009999999999999787,72,25542.0,买盘
13:07:54,3.55,0.0,69,24495.0,买盘
13:07:57,3.55,0.0,100,35500.0,买盘
13:08:00,3.54,-0.009999999999999787,7,2480.0,卖盘
13:08:03,3.55,0.009999999999999787,24,8520.0,买盘
13:08:10,3.55,0.0,23,8165.0,买盘
13:08:13,3.54,-0.009999999999999787,91,32239.0,卖盘
13:08:17,3.54,0.0,41,14514.0,卖盘
13:08:20,3.54,0.0,22,7809.0,卖盘
13:08:23,3.54,0.0,125,44250.0,卖盘
13:08:26,3.55,0.009999999999999787,118,41890.0,买盘
13:08:33,3.54,-0.009999999999999787,34,12036.0,卖盘
13:08:36,3.54,0.0,1127,398968.0,卖盘
13:08:39,3.55,0.009999999999999787,253,89667.0,买盘
13:08:42,3.53,-0.020000000000000018,1,353.0,卖盘
13:08:45,3.54,0.010000000000000231,52,18407.0,买盘
13:08:48,3.54,0.0,98,34652.0,买盘
13:08:51,3.53,-0.010000000000000231,48,16949.0,卖盘
13:08:54,3.54,0.010000000000000231,2,708.0,买盘
13:08:57,3.53,-0.010000000000000231,3,1059.0,卖盘
13:09:04,3.53,0.0,38,13414.0,卖盘
13:09:07,3.54,0.010000000000000231,127,44870.0,买盘
13:09:11,3.54,0.0,55,19470.0,买盘
13:09:14,3.53,-0.010000000000000231,30,10605.0,卖盘
13:09:17,3.53,0.0,5,1765.0,卖盘
13:09:20,3.53,0.0,123,43426.0,卖盘
13:09:33,3.53,0.0,27,9531.0,卖盘
13:09:36,3.54,0.010000000000000231,125,44225.0,买盘
13:09:39,3.53,-0.010000000000000231,27,9531.0,卖盘
13:09:42,3.53,0.0,9,3177.0,卖盘
13:09:45,3.54,0.010000000000000231,1023,361129.0,买盘
13:09:48,3.53,-0.010000000000000231,17,6001.0,卖盘
13:09:51,3.53,0.0,6,2118.0,卖盘
13:09:54,3.53,0.0,25,8825.0,卖盘
13:09:57,3.53,0.0,26,9183.0,卖盘
13:10:01,3.54,0.010000000000000231,30,10617.0,买盘
13:10:04,3.54,0.0,13,4602.0,买盘
13:10:08,3.54,0.0,16,5659.0,买盘
13:10:14,3.54,0.0,25,8850.0,买盘
13:10:17,3.54,0.0,5,1770.0,买盘
13:10:20,3.54,0.0,26,9193.0,买盘
13:10:23,3.53,-0.010000000000000231,3,1059.0,卖盘
13:10:27,3.54,0.010000000000000231,11,3894.0,买盘
13:10:33,3.53,-0.010000000000000231,69,24357.0,卖盘
13:10:36,3.53,0.0,60,21180.0,卖盘
13:10:39,3.53,0.0,3,1059.0,卖盘
13:10:42,3.53,0.0,131,46274.0,卖盘
13:10:51,3.53,0.0,66,23362.0,卖盘
13:10:54,3.54,0.010000000000000231,21,7434.0,买盘
13:10:58,3.53,-0.010000000000000231,97,34242.0,卖盘
13:11:01,3.54,0.010000000000000231,1,354.0,买盘
13:11:05,3.53,-0.010000000000000231,98,34597.0,卖盘
13:11:08,3.54,0.010000000000000231,27,9558.0,买盘
13:11:11,3.53,-0.010000000000000231,18,6355.0,卖盘
13:11:21,3.53,0.0,326,115078.0,卖盘
13:11:24,3.53,0.0,140,49420.0,卖盘
13:11:27,3.53,0.0,6,2118.0,卖盘
13:11:30,3.53,0.0,26,9178.0,卖盘
13:11:33,3.53,0.0,4,1412.0,卖盘
13:11:36,3.53,0.0,130,45890.0,卖盘
13:11:39,3.53,0.0,14,4942.0,卖盘
13:11:42,3.53,0.0,5,1765.0,卖盘
13:11:45,3.53,0.0,60,21196.0,卖盘
13:11:49,3.54,0.010000000000000231,2,708.0,买盘
13:11:52,3.53,-0.010000000000000231,2,706.0,卖盘
13:11:55,3.53,0.0,10,3530.0,卖盘
13:11:58,3.54,0.010000000000000231,20,7080.0,买盘
13:12:02,3.53,-0.010000000000000231,20,7060.0,卖盘
13:12:05,3.53,0.0,34,12002.0,卖盘
13:12:14,3.53,0.0,11,3893.0,卖盘
13:12:24,3.53,0.0,10,3530.0,卖盘
13:12:30,3.54,0.010000000000000231,166,58599.0,买盘
13:12:33,3.53,-0.010000000000000231,39,13786.0,卖盘
13:12:36,3.53,0.0,11,3883.0,卖盘
13:12:39,3.53,0.0,20,7060.0,卖盘
13:12:46,3.53,0.0,20,7060.0,卖盘
13:12:49,3.53,0.0,1,353.0,卖盘
13:12:52,3.53,0.0,144,50832.0,卖盘
13:12:56,3.53,0.0,944,333232.0,卖盘
13:12:59,3.53,0.0,33,11649.0,买盘
13:13:02,3.52,-0.009999999999999787,2,704.0,卖盘
13:13:05,3.53,0.009999999999999787,37,13061.0,买盘
13:13:08,3.52,-0.009999999999999787,3760,1323752.3199999928,卖盘
13:13:11,3.52,0.0,91,32031.0,买盘
13:13:15,3.52,0.0,152,53503.0,买盘
13:13:18,3.51,-0.010000000000000231,24,8443.0,卖盘
13:13:21,3.51,0.0,22,7734.0,卖盘
13:13:24,3.51,0.0,50,17550.0,卖盘
13:13:27,3.51,0.0,174,61075.0,卖盘
13:13:33,3.52,0.010000000000000231,40,14070.0,买盘
13:13:36,3.52,0.0,7,2462.0,买盘
13:13:40,3.51,-0.010000000000000231,5,1757.0,卖盘
13:13:43,3.51,0.0,4,1404.0,卖盘
13:13:46,3.52,0.010000000000000231,52,18254.0,买盘
13:13:49,3.51,-0.010000000000000231,2,702.0,卖盘
13:13:53,3.52,0.010000000000000231,156,54757.0,买盘
13:13:56,3.52,0.0,84,29564.0,买盘
13:13:59,3.51,-0.010000000000000231,14,4914.0,卖盘
13:14:02,3.52,0.010000000000000231,414,145340.0,买盘
13:14:05,3.52,0.0,13,4576.0,买盘
13:14:08,3.52,0.0,50,17600.0,买盘
13:14:15,3.52,0.0,160,56312.0,买盘
13:14:18,3.52,0.0,1,352.0,买盘
13:14:21,3.52,0.0,54,19008.0,买盘
13:14:24,3.52,0.0,52,18304.0,买盘
13:14:27,3.51,-0.010000000000000231,107,37632.0,卖盘
13:14:30,3.52,0.010000000000000231,12,4224.0,买盘
13:14:33,3.51,-0.010000000000000231,46,16146.0,卖盘
13:14:36,3.52,0.010000000000000231,1169,411488.0,买盘
13:14:39,3.51,-0.010000000000000231,1325,465157.0,卖盘
13:14:43,3.51,0.0,25,8792.0,卖盘
13:14:46,3.52,0.010000000000000231,14,4928.0,买盘
13:14:49,3.51,-0.010000000000000231,134,47140.0,卖盘
13:14:53,3.52,0.010000000000000231,18,6320.0,买盘
13:14:56,3.52,0.0,441,154857.0,买盘
13:14:59,3.51,-0.010000000000000231,418,146877.0,卖盘
13:15:02,3.51,0.0,61,21464.0,卖盘
13:15:05,3.51,0.0,137,48088.0,卖盘
13:15:08,3.52,0.010000000000000231,82,28788.0,买盘
13:15:12,3.51,-0.010000000000000231,12,4217.0,卖盘
13:15:15,3.51,0.0,30,10530.0,卖盘
13:15:18,3.51,0.0,1,351.0,卖盘
13:15:21,3.52,0.010000000000000231,55,19360.0,买盘
13:15:24,3.51,-0.010000000000000231,12,4212.0,卖盘
13:15:27,3.51,0.0,62,21773.0,卖盘
13:15:30,3.51,0.0,106,37311.0,卖盘
13:15:33,3.51,0.0,251,88136.0,卖盘
13:15:40,3.51,0.0,42,14743.0,卖盘
13:15:43,3.52,0.010000000000000231,224,78684.0,买盘
13:15:46,3.51,-0.010000000000000231,18,6318.0,卖盘
13:15:49,3.52,0.010000000000000231,29,10183.0,买盘
13:15:53,3.51,-0.010000000000000231,7,2457.0,卖盘
13:15:56,3.52,0.010000000000000231,13,4573.0,买盘
13:15:59,3.51,-0.010000000000000231,311,109166.0,卖盘
13:16:02,3.51,0.0,80,28082.0,卖盘
13:16:05,3.52,0.010000000000000231,47,16522.0,买盘
13:16:09,3.52,0.0,347,121807.0,买盘
13:16:12,3.52,0.0,200,70360.0,买盘
13:16:15,3.52,0.0,7,2464.0,买盘
13:16:18,3.52,0.0,86,30225.0,买盘
13:16:21,3.52,0.0,456,160512.0,买盘
13:16:24,3.52,0.0,687,241258.0,买盘
13:16:27,3.52,0.0,21,7392.0,买盘
13:16:30,3.52,0.0,79,27788.0,买盘
13:16:34,3.51,-0.010000000000000231,210,73712.0,卖盘
13:16:37,3.52,0.010000000000000231,9,3168.0,买盘
13:16:40,3.51,-0.010000000000000231,66,23166.0,卖盘
13:16:43,3.51,0.0,138,48440.0,卖盘
13:16:47,3.51,0.0,5441,1908567.8400000334,卖盘
13:16:50,3.52,0.010000000000000231,180,63131.0,买盘
13:16:53,3.51,-0.010000000000000231,79,27675.0,卖盘
13:16:56,3.51,0.0,52,18251.0,买盘
13:16:59,3.51,0.0,25,8775.0,买盘
13:17:02,3.51,0.0,74,25937.0,买盘
13:17:06,3.5,-0.009999999999999787,551,192876.0,卖盘
13:17:09,3.51,0.009999999999999787,241,84497.0,买盘
13:17:12,3.5,-0.009999999999999787,457,159960.0,卖盘
13:17:15,3.5,0.0,18,6300.0,卖盘
13:17:18,3.51,0.009999999999999787,121,42360.0,买盘
13:17:21,3.5,-0.009999999999999787,1081,378410.0,卖盘
13:17:24,3.5,0.0,42,14700.0,卖盘
13:17:27,3.51,0.009999999999999787,204,71430.0,买盘
13:17:30,3.51,0.0,361,126363.0,买盘
13:17:34,3.5,-0.009999999999999787,250,87510.0,卖盘
13:17:37,3.51,0.009999999999999787,85,29835.0,买盘
13:17:40,3.5,-0.009999999999999787,78,27300.0,卖盘
13:17:44,3.5,0.0,90,31500.0,卖盘
13:17:47,3.5,0.0,213,74560.0,卖盘
13:17:50,3.5,0.0,34,11900.0,卖盘
13:17:53,3.5,0.0,384,134421.0,卖盘
13:17:56,3.5,0.0,513,179550.0,卖盘
13:17:59,3.5,0.0,377,131950.0,卖盘
13:18:02,3.5,0.0,131,45850.0,卖盘
13:18:06,3.5,0.0,190,66509.0,卖盘
13:18:09,3.5,0.0,92,32200.0,卖盘
13:18:12,3.5,0.0,1201,420350.0,卖盘
13:18:15,3.5,0.0,2986,1045100.0,卖盘
13:18:18,3.49,-0.009999999999999787,5957,2084985.0,卖盘
13:18:21,3.49,0.0,25,8740.0,卖盘
13:18:24,3.5,0.009999999999999787,67,23393.0,买盘
13:18:28,3.49,-0.009999999999999787,304,106135.0,卖盘
13:18:31,3.49,0.0,3,1047.0,卖盘
13:18:34,3.49,0.0,2068,721732.0,卖盘
13:18:37,3.48,-0.010000000000000231,200,69600.0,卖盘
13:18:41,3.49,0.010000000000000231,245,85272.0,买盘
13:18:44,3.48,-0.010000000000000231,825,287105.0,卖盘
13:18:47,3.49,0.010000000000000231,287,99886.0,买盘
13:18:50,3.48,-0.010000000000000231,18,6264.0,卖盘
13:18:53,3.49,0.010000000000000231,63,21934.0,买盘
13:18:56,3.48,-0.010000000000000231,638,222030.0,卖盘
13:19:00,3.48,0.0,1337,465301.0,卖盘
13:19:03,3.48,0.0,321,111708.0,卖盘
13:19:06,3.48,0.0,348,121109.0,卖盘
13:19:09,3.48,0.0,491,170868.0,卖盘
13:19:12,3.48,0.0,80,27840.0,买盘
13:19:15,3.48,0.0,604,210099.0,买盘
13:19:18,3.47,-0.009999999999999787,211,73388.0,卖盘
13:19:21,3.48,0.009999999999999787,385,133801.0,买盘
13:19:24,3.48,0.0,77,26745.0,买盘
13:19:28,3.48,0.0,277,96120.0,买盘
13:19:31,3.48,0.0,496,172389.0,买盘
13:19:34,3.48,0.0,235,81555.0,买盘
13:19:38,3.48,0.0,132,45893.0,买盘
13:19:41,3.48,0.0,333,115616.0,买盘
13:19:44,3.48,0.0,214,74471.0,买盘
13:19:47,3.48,0.0,132,45884.0,买盘
13:19:50,3.48,0.0,275,95570.0,买盘
13:19:53,3.47,-0.009999999999999787,162,56348.0,卖盘
13:19:56,3.48,0.009999999999999787,88,30598.0,买盘
13:20:00,3.47,-0.009999999999999787,442,153385.0,卖盘
13:20:03,3.48,0.009999999999999787,201,69872.0,买盘
13:20:06,3.48,0.0,513,178424.0,买盘
13:20:09,3.48,0.0,487,169416.0,买盘
13:20:12,3.49,0.010000000000000231,2349,819311.5999999642,买盘
13:20:15,3.49,0.0,1125,392187.0,买盘
13:20:18,3.49,0.0,294,102605.0,买盘
13:20:21,3.49,0.0,230,80380.0,买盘
13:20:24,3.5,0.009999999999999787,418,146165.0,买盘
13:20:28,3.49,-0.009999999999999787,92,32133.0,卖盘
13:20:31,3.5,0.009999999999999787,79,27650.0,买盘
13:20:35,3.5,0.0,195,68250.0,买盘
13:20:38,3.5,0.0,17,5949.0,买盘
13:20:41,3.5,0.0,186,65099.0,买盘
13:20:44,3.5,0.0,139,48617.0,买盘
13:20:47,3.5,0.0,26,9099.0,买盘
13:20:50,3.5,0.0,152,53199.0,买盘
13:20:54,3.5,0.0,99,34650.0,买盘
13:20:57,3.5,0.0,134,46900.0,买盘
13:21:00,3.49,-0.009999999999999787,113,39535.0,卖盘
13:21:03,3.5,0.009999999999999787,145,50700.0,买盘
13:21:06,3.49,-0.009999999999999787,96,33575.0,卖盘
13:21:09,3.5,0.009999999999999787,280,97984.0,买盘
13:21:12,3.49,-0.009999999999999787,101,35322.0,卖盘
13:21:15,3.49,0.0,11,3846.0,卖盘
13:21:19,3.49,0.0,149,52070.0,卖盘
13:21:22,3.49,0.0,9,3141.0,卖盘
13:21:25,3.5,0.009999999999999787,11,3850.0,买盘
13:21:28,3.5,0.0,16,5595.0,买盘
13:21:32,3.49,-0.009999999999999787,138,48168.0,卖盘
13:21:38,3.5,0.009999999999999787,11,3850.0,买盘
13:21:44,3.49,-0.009999999999999787,115,40220.0,卖盘
13:21:47,3.5,0.009999999999999787,22,7700.0,买盘
13:21:50,3.5,0.0,53,18540.0,买盘
13:21:57,3.49,-0.009999999999999787,7,2447.0,卖盘
13:22:00,3.5,0.009999999999999787,26,9100.0,买盘
13:22:03,3.49,-0.009999999999999787,7,2443.0,卖盘
13:22:06,3.5,0.009999999999999787,129,45091.0,买盘
13:22:09,3.5,0.0,214,74729.0,买盘
13:22:12,3.5,0.0,13,4550.0,买盘
13:22:15,3.5,0.0,23,8050.0,买盘
13:22:19,3.5,0.0,101,35300.0,买盘
13:22:22,3.5,0.0,70,24475.0,买盘
13:22:25,3.49,-0.009999999999999787,194,67891.0,卖盘
13:22:29,3.5,0.009999999999999787,12,4200.0,买盘
13:22:32,3.5,0.0,29,10123.0,买盘
13:22:44,3.5,0.0,48,16800.0,买盘
13:22:48,3.5,0.0,72,25200.0,买盘
13:22:51,3.5,0.0,55,19250.0,买盘
13:22:54,3.5,0.0,124,43400.0,买盘
13:22:57,3.5,0.0,170,59500.0,买盘
13:23:00,3.49,-0.009999999999999787,14,4899.0,卖盘
13:23:03,3.5,0.009999999999999787,91,31849.0,买盘
13:23:09,3.49,-0.009999999999999787,11,3844.0,卖盘
13:23:13,3.49,0.0,60,20940.0,卖盘
13:23:16,3.5,0.009999999999999787,181,63350.0,买盘
13:23:19,3.5,0.0,5,1750.0,买盘
13:23:23,3.5,0.0,21,7350.0,买盘
13:23:26,3.5,0.0,17,5942.0,买盘
13:23:29,3.5,0.0,249,86905.0,买盘
13:23:32,3.5,0.0,43,15047.0,买盘
13:23:35,3.5,0.0,3,1050.0,买盘
13:23:41,3.5,0.0,252,88200.0,买盘
13:23:45,3.5,0.0,89,31139.0,买盘
13:23:48,3.5,0.0,2442,854700.0,买盘
13:23:51,3.5,0.0,1920,672000.0,买盘
13:23:54,3.5,0.0,491,171750.0,买盘
13:23:57,3.5,0.0,1056,369656.0,买盘
13:24:00,3.5,0.0,103,36139.0,卖盘
13:24:03,3.5,0.0,2,700.0,卖盘
13:24:06,3.51,0.009999999999999787,105,36855.0,买盘
13:24:09,3.51,0.0,168,58960.0,买盘
13:24:13,3.51,0.0,102,35802.0,买盘
13:24:16,3.51,0.0,58,20358.0,买盘
13:24:20,3.51,0.0,3,1053.0,卖盘
13:24:23,3.52,0.010000000000000231,131,45988.0,买盘
13:24:26,3.51,-0.010000000000000231,2,702.0,卖盘
13:24:29,3.51,0.0,126,44351.0,卖盘
13:24:32,3.51,0.0,416,146016.0,卖盘
13:24:38,3.51,0.0,85,29835.0,买盘
13:24:42,3.51,0.0,355,124605.0,买盘
13:24:45,3.51,0.0,82,28782.0,买盘
13:24:48,3.51,0.0,3,1053.0,买盘
13:24:51,3.51,0.0,184,64584.0,买盘
13:24:54,3.51,0.0,21,7371.0,买盘
13:24:57,3.51,0.0,41,14390.0,买盘
13:25:07,3.5,-0.009999999999999787,16,5615.0,卖盘
13:25:10,3.5,0.0,52,18238.0,卖盘
13:25:13,3.5,0.0,82,28752.0,卖盘
13:25:17,3.51,0.009999999999999787,13,4563.0,买盘
13:25:23,3.5,-0.009999999999999787,385,134755.0,卖盘
13:25:26,3.51,0.009999999999999787,100,35100.0,买盘
13:25:29,3.5,-0.009999999999999787,3,1050.0,卖盘
13:25:32,3.51,0.009999999999999787,177,62073.0,买盘
13:25:36,3.5,-0.009999999999999787,325,113750.0,卖盘
13:25:39,3.5,0.0,30,10500.0,卖盘
13:25:42,3.5,0.0,158,55450.0,卖盘
13:25:45,3.5,0.0,172,60249.0,卖盘
13:25:48,3.5,0.0,23,8050.0,卖盘
13:25:51,3.5,0.0,15,5250.0,卖盘
13:25:54,3.5,0.0,130,45500.0,卖盘
13:25:57,3.51,0.009999999999999787,27,9462.0,买盘
