成交时间,成交价,价格变动,成交量（手）,成交额（元）,性质
09:25:03,3.12,0.020000000000000018,3499,1091987.52,买盘
09:30:03,3.13,0.009999999999999787,205,64155.0,买盘
09:30:06,3.13,0.0,1696,531141.0,卖盘
09:30:09,3.13,0.0,2613,817910.0,卖盘
09:30:12,3.13,0.0,1333,416554.0,卖盘
09:30:15,3.12,-0.009999999999999787,1352,422224.48,卖盘
09:30:18,3.12,0.0,493,153643.0,买盘
09:30:21,3.11,-0.010000000000000231,298,92687.0,卖盘
09:30:24,3.11,0.0,809,250705.0,买盘
09:30:27,3.1,-0.009999999999999787,18,5580.0,卖盘
09:30:32,3.09,-0.010000000000000231,71,21940.0,卖盘
09:30:35,3.09,0.0,2,618.0,卖盘
09:30:38,3.09,0.0,58,17922.0,卖盘
09:30:45,3.09,0.0,398,122982.0,卖盘
09:30:48,3.09,0.0,128,39669.0,卖盘
09:30:53,3.09,0.0,59,18231.0,卖盘
09:30:56,3.1,0.010000000000000231,182,56265.0,买盘
09:30:59,3.1,0.0,67,20705.0,买盘
09:31:03,3.09,-0.010000000000000231,109,33687.0,中性盘
09:31:06,3.09,0.0,569,175491.0,卖盘
09:31:09,3.1,0.010000000000000231,95,29449.0,买盘
09:31:12,3.1,0.0,52,16120.0,买盘
09:31:14,3.09,-0.010000000000000231,224,69362.0,卖盘
09:31:20,3.11,0.0,40,12434.0,买盘
09:31:27,3.11,0.009999999999999787,248,77202.0,买盘
09:31:30,3.11,0.0,33,10268.0,卖盘
09:31:33,3.1,-0.009999999999999787,32,9950.0,卖盘
09:31:36,3.12,0.020000000000000018,1098,342524.0,买盘
09:31:39,3.12,0.0,128,39936.0,买盘
09:31:42,3.12,0.0,228,71013.0,买盘
09:31:48,3.12,0.0,556,172671.0,买盘
09:31:51,3.11,0.0,161,50071.0,卖盘
09:31:55,3.11,0.0,16,4976.0,买盘
09:31:57,3.11,0.0,94,29234.0,买盘
09:32:03,3.11,0.0,12,3732.0,买盘
09:32:06,3.1,-0.009999999999999787,579,179544.0,卖盘
09:32:08,3.1,0.0,307,95175.0,卖盘
09:32:11,3.1,0.0,1289,399590.0,买盘
09:32:14,3.11,0.009999999999999787,147,45680.0,买盘
09:32:17,3.1,-0.009999999999999787,2,620.0,卖盘
09:32:23,3.1,0.0,116,36073.0,卖盘
09:32:29,3.11,0.0,113,35142.0,买盘
09:32:33,3.11,0.0,184,57354.62000000011,卖盘
09:32:36,3.11,0.0,2294,714870.3799999999,买盘
09:32:39,3.13,0.020000000000000018,364,113239.0,买盘
09:32:45,3.13,0.0,482,150004.0,买盘
09:32:48,3.11,-0.020000000000000018,1,311.0,卖盘
09:32:51,3.12,0.010000000000000231,32,10002.0,买盘
09:32:54,3.12,0.0,5,1556.0,中性盘
09:32:57,3.12,0.0,265,82850.0,卖盘
09:33:00,3.13,0.009999999999999787,20,6260.0,买盘
09:33:03,3.12,-0.009999999999999787,55,17162.0,卖盘
09:33:07,3.13,0.009999999999999787,302,94342.0,买盘
09:33:12,3.13,0.0,393,123009.0,买盘
09:33:15,3.14,0.010000000000000231,903,282730.0,买盘
09:33:21,3.13,-0.010000000000000231,1,313.0,卖盘
09:33:24,3.13,0.0,21,6573.0,卖盘
09:33:27,3.13,0.0,79,24739.0,卖盘
09:33:30,3.13,0.0,169,52976.0,卖盘
09:33:33,3.13,0.0,181,56694.0,卖盘
09:33:35,3.13,0.0,220,68860.0,卖盘
09:33:39,3.13,0.0,677,211901.00000000093,买盘
09:33:42,3.14,0.010000000000000231,236,73974.0,买盘
09:33:48,3.13,-0.010000000000000231,11,3443.0,卖盘
09:33:51,3.14,0.010000000000000231,50,15700.0,买盘
09:33:53,3.14,0.0,160,50240.0,买盘
09:33:57,3.13,-0.010000000000000231,201,62914.0,卖盘
09:33:59,3.13,0.0,100,31300.0,卖盘
09:34:03,3.13,0.0,33,10329.0,卖盘
09:34:06,3.14,0.010000000000000231,30,9420.0,买盘
09:34:09,3.13,-0.010000000000000231,12,3756.0,卖盘
09:34:15,3.14,0.010000000000000231,25,7850.0,买盘
09:34:18,3.14,0.0,142,44588.0,买盘
09:34:21,3.14,0.0,42,13162.0,买盘
09:34:27,3.13,-0.010000000000000231,67,20999.0,卖盘
09:34:32,3.14,0.010000000000000231,106,33284.0,买盘
09:34:36,3.13,-0.010000000000000231,55,17265.0,卖盘
09:34:39,3.14,0.010000000000000231,519,162946.0,买盘
09:34:42,3.14,0.0,514,161393.0,买盘
09:34:47,3.14,0.0,129,40506.0,买盘
09:34:51,3.14,0.0,127,39878.0,买盘
09:34:54,3.14,0.0,178,55823.0,买盘
09:34:59,3.13,-0.010000000000000231,120,37580.0,卖盘
09:35:06,3.14,0.010000000000000231,802,251827.0,买盘
09:35:12,3.13,-0.010000000000000231,120,37560.0,卖盘
09:35:17,3.13,0.0,119,37361.0,卖盘
09:35:21,3.13,0.0,1552,487321.0,卖盘
09:35:24,3.14,0.010000000000000231,254,79756.0,买盘
09:35:29,3.14,0.0,299,93886.0,卖盘
09:35:33,3.15,0.009999999999999787,5834,1840344.0,买盘
09:35:37,3.15,0.0,180,56702.0,卖盘
09:35:42,3.15,0.0,50,15750.0,卖盘
09:35:47,3.16,0.010000000000000231,148,46742.0,买盘
09:35:51,3.15,-0.010000000000000231,1105,348098.0,卖盘
09:35:57,3.15,0.0,248,78108.0,买盘
09:36:00,3.15,0.0,27,8505.0,买盘
09:36:03,3.16,0.010000000000000231,72,22705.0,买盘
09:36:06,3.15,-0.010000000000000231,226,71190.0,卖盘
09:36:09,3.15,0.0,281,88517.0,卖盘
09:36:13,3.17,0.020000000000000018,736,232857.0,买盘
09:36:18,3.16,-0.009999999999999787,411,129655.0,中性盘
09:36:24,3.16,0.0,31,9776.0,买盘
09:36:27,3.15,-0.010000000000000231,308,97076.0,卖盘
09:36:30,3.15,0.0,1397,440266.0,卖盘
09:36:36,3.15,0.0,120,37800.0,买盘
09:36:39,3.15,0.0,651,205065.0,买盘
09:36:42,3.14,-0.009999999999999787,54,17001.0,卖盘
09:36:48,3.15,0.009999999999999787,308,97020.0,买盘
09:36:54,3.15,0.0,1225,385471.0,卖盘
09:36:57,3.15,0.0,517,162855.0,买盘
09:37:00,3.15,0.0,83,26145.0,买盘
09:37:08,3.14,-0.009999999999999787,90,28260.0,卖盘
09:37:11,3.14,0.0,24,7536.0,卖盘
09:37:14,3.14,0.0,130,40820.0,卖盘
09:37:18,3.14,0.0,139,43646.0,卖盘
09:37:21,3.14,0.0,577,181179.0,卖盘
09:37:24,3.14,0.0,34,10676.0,买盘
09:37:30,3.14,0.0,13,4077.0,买盘
09:37:33,3.14,0.0,47,14716.0,买盘
09:37:36,3.14,0.0,50,15700.0,买盘
09:37:39,3.14,0.0,650,204097.0,买盘
09:37:42,3.14,0.0,52,16328.0,买盘
09:37:45,3.14,0.0,10,3140.0,买盘
09:37:48,3.14,0.0,85,26689.0,买盘
09:37:52,3.13,-0.010000000000000231,30,9390.0,卖盘
09:37:56,3.13,0.0,82,25726.0,卖盘
09:38:05,3.13,0.0,11,3453.0,卖盘
09:38:11,3.14,0.010000000000000231,333,104562.0,买盘
09:38:15,3.13,-0.010000000000000231,1756,549665.0,卖盘
09:38:18,3.13,0.0,36,11268.0,中性盘
09:38:21,3.14,0.010000000000000231,1,314.0,买盘
09:38:24,3.13,-0.010000000000000231,6,1883.0,卖盘
09:38:30,3.13,0.0,101,31613.0,卖盘
09:38:33,3.13,0.0,765,240148.0,卖盘
09:38:39,3.13,0.0,24,7531.0,卖盘
09:38:42,3.13,0.0,171,53523.0,卖盘
09:38:45,3.13,0.0,23,7213.0,卖盘
09:38:50,3.13,0.0,35,10955.0,卖盘
09:38:53,3.13,0.0,293,91709.0,卖盘
09:38:56,3.13,0.0,43,13459.0,买盘
09:38:59,3.14,0.010000000000000231,79,24728.0,买盘
09:39:02,3.13,-0.010000000000000231,65,20345.0,卖盘
09:39:05,3.14,0.010000000000000231,29,9099.0,买盘
09:39:15,3.14,0.0,377,118190.99999999814,买盘
09:39:18,3.14,0.0,110,34467.0,买盘
09:39:21,3.14,0.0,348,109272.0,买盘
09:39:24,3.14,0.0,284,89176.0,买盘
09:39:27,3.14,0.0,613,192482.0,买盘
09:39:30,3.14,0.0,73,22926.0,中性盘
09:39:33,3.15,0.009999999999999787,14,4408.0,买盘
09:39:36,3.14,-0.009999999999999787,23,7242.0,卖盘
09:39:39,3.14,0.0,99,31086.0,卖盘
09:39:42,3.14,0.0,13,4082.0,卖盘
09:39:47,3.14,0.0,151,47444.0,卖盘
09:39:50,3.14,0.0,15,4715.0,卖盘
09:39:53,3.14,0.0,98,30838.0,卖盘
09:39:56,3.14,0.0,3,942.0,卖盘
09:39:59,3.15,0.009999999999999787,98,30870.0,买盘
09:40:02,3.14,-0.009999999999999787,150,47100.0,卖盘
09:40:05,3.14,0.0,1,314.0,卖盘
09:40:09,3.15,0.009999999999999787,118,37170.0,买盘
09:40:12,3.15,0.0,89,28035.0,买盘
09:40:18,3.15,0.0,20,6300.0,买盘
09:40:21,3.15,0.0,15,4725.0,买盘
09:40:24,3.14,-0.009999999999999787,23,7225.0,卖盘
09:40:27,3.14,0.0,429,134707.0,卖盘
09:40:30,3.14,0.0,836,262994.0,卖盘
09:40:33,3.14,0.0,178,55912.0,买盘
09:40:37,3.13,-0.010000000000000231,659,206496.0,卖盘
09:40:40,3.14,0.010000000000000231,35,10986.0,中性盘
09:40:44,3.14,0.0,51,16014.0,买盘
09:40:47,3.15,0.009999999999999787,62,19457.0,买盘
09:40:53,3.14,-0.009999999999999787,38,11932.0,卖盘
09:40:56,3.14,0.0,1,314.0,买盘
09:40:59,3.14,0.0,5,1570.0,买盘
09:41:03,3.14,0.0,15,4710.0,买盘
09:41:06,3.14,0.0,2,628.0,买盘
09:41:09,3.14,0.0,1,314.0,买盘
09:41:12,3.14,0.0,155,48685.0,买盘
09:41:15,3.14,0.0,222,69848.0,卖盘
09:41:18,3.14,0.0,200,62800.0,卖盘
09:41:21,3.14,0.0,714,224753.0,卖盘
09:41:24,3.14,0.0,50,15700.0,卖盘
09:41:27,3.14,0.0,159,49926.0,卖盘
09:41:30,3.14,0.0,17,5338.0,卖盘
09:41:33,3.14,0.0,3315,1044185.0,卖盘
09:41:38,3.14,0.0,77,24260.0,卖盘
09:41:41,3.16,0.020000000000000018,30,9480.0,买盘
09:41:44,3.15,-0.010000000000000231,100,31500.0,卖盘
09:41:47,3.15,0.0,128,40290.0,买盘
09:41:50,3.15,0.0,867,273925.0,卖盘
09:41:53,3.16,0.010000000000000231,86,27172.0,买盘
09:41:57,3.16,0.0,165,52130.0,买盘
09:42:00,3.16,0.0,26,8204.0,买盘
09:42:03,3.16,0.0,38,12003.0,买盘
09:42:06,3.16,0.0,209,66044.0,买盘
09:42:09,3.17,0.009999999999999787,70,22158.0,买盘
09:42:12,3.16,-0.009999999999999787,5,1580.0,卖盘
09:42:15,3.16,0.0,19,6004.0,卖盘
09:42:18,3.16,0.0,260,82223.0,卖盘
09:42:21,3.16,0.0,505,160078.0,卖盘
09:42:24,3.17,0.009999999999999787,19,6023.0,买盘
09:42:27,3.15,-0.020000000000000018,1461,460808.0,卖盘
09:42:30,3.17,0.020000000000000018,340,107697.0,买盘
09:42:34,3.16,-0.009999999999999787,61,19275.0,买盘
09:42:44,3.16,0.0,7,2212.0,买盘
09:42:50,3.16,0.0,494,156072.0,买盘
09:42:53,3.16,0.0,147,46452.0,买盘
09:42:57,3.16,0.0,18,5688.0,买盘
09:43:00,3.16,0.0,17,5372.0,买盘
09:43:03,3.15,-0.010000000000000231,37,11686.0,卖盘
09:43:06,3.16,0.010000000000000231,34,10722.0,买盘
09:43:09,3.16,0.0,268,84688.0,买盘
09:43:12,3.16,0.0,10,3160.0,买盘
09:43:15,3.16,0.0,583,184187.0,买盘
09:43:18,3.16,0.0,92,29071.0,买盘
09:43:21,3.16,0.0,76,24016.0,买盘
09:43:24,3.16,0.0,34,10744.0,买盘
09:43:28,3.16,0.0,20,6320.0,买盘
09:43:31,3.16,0.0,119,37604.0,买盘
09:43:35,3.16,0.0,29,9164.0,买盘
09:43:38,3.16,0.0,83,26228.0,买盘
09:43:41,3.16,0.0,57,17964.0,买盘
09:43:44,3.16,0.0,265,83740.0,买盘
09:43:47,3.15,-0.010000000000000231,83,26218.0,卖盘
09:43:50,3.16,0.010000000000000231,38,12008.0,买盘
09:43:54,3.16,0.0,258,81528.0,买盘
09:43:57,3.15,-0.010000000000000231,24,7582.0,卖盘
09:43:59,3.16,0.010000000000000231,36,11376.0,买盘
09:44:03,3.16,0.0,186,58776.0,买盘
09:44:35,3.17,0.0,22,6974.0,买盘
09:44:38,3.17,0.0,49,15489.0,买盘
09:44:41,3.17,0.0,20,6340.0,买盘
09:44:44,3.17,0.0,1074,339439.0,买盘
09:44:48,3.17,0.0,2,634.0,买盘
09:44:51,3.17,0.0,121,38356.0,买盘
09:44:54,3.17,0.0,56,17752.0,买盘
09:44:57,3.17,0.0,55,17420.0,买盘
09:45:00,3.16,-0.009999999999999787,326,103232.0,卖盘
09:45:03,3.17,0.009999999999999787,120,38040.0,买盘
09:45:09,3.17,0.0,283,89706.0,买盘
09:45:12,3.17,0.0,240,75880.0,买盘
09:45:15,3.17,0.0,278,88126.0,买盘
09:45:18,3.17,0.0,30,9510.0,买盘
09:45:22,3.17,0.0,160,50720.0,买盘
09:45:26,3.17,0.0,953,302101.0,买盘
09:45:29,3.17,0.0,3664,1163902.0,买盘
09:45:32,3.18,0.010000000000000231,410,130293.0,买盘
09:45:35,3.18,0.0,304,96667.0,买盘
09:45:38,3.17,-0.010000000000000231,28,8899.0,卖盘
09:45:41,3.18,0.010000000000000231,17,5405.0,买盘
09:45:45,3.18,0.0,1110,352980.0,买盘
09:45:48,3.19,0.009999999999999787,1927,613627.0,买盘
09:45:51,3.18,-0.009999999999999787,50,15923.0,卖盘
09:45:54,3.19,0.009999999999999787,706,225212.0,买盘
09:45:57,3.19,0.0,367,117073.0,买盘
09:46:00,3.19,0.0,1066,340054.0,买盘
09:46:03,3.19,0.0,786,250739.0,买盘
09:46:06,3.19,0.0,344,109724.0,买盘
09:46:09,3.18,-0.009999999999999787,342,109078.0,卖盘
09:46:12,3.18,0.0,53,16898.0,卖盘
09:46:16,3.19,0.009999999999999787,521,166195.0,买盘
09:46:23,3.19,0.0,926,295394.0,买盘
09:46:26,3.19,0.0,182,58058.0,卖盘
09:46:29,3.19,0.0,160,51040.0,卖盘
09:46:32,3.19,0.0,58,18502.0,卖盘
09:46:35,3.2,0.010000000000000231,921,294695.0,买盘
09:46:38,3.19,-0.010000000000000231,715,228739.0,卖盘
09:46:42,3.2,0.010000000000000231,30,9600.0,买盘
09:46:45,3.2,0.0,16,5120.0,买盘
09:46:48,3.19,-0.010000000000000231,50,15950.0,卖盘
09:46:51,3.19,0.0,100,31900.0,卖盘
09:46:54,3.19,0.0,250,79972.0,卖盘
09:46:57,3.2,0.010000000000000231,277,88640.0,买盘
09:47:00,3.2,0.0,110,35184.0,买盘
09:47:03,3.2,0.0,40,12775.0,买盘
09:47:06,3.19,-0.010000000000000231,48,15355.0,卖盘
09:47:09,3.19,0.0,65,20758.0,卖盘
09:47:13,3.2,0.010000000000000231,410,131200.0,买盘
09:47:17,3.19,-0.010000000000000231,6,1916.0,卖盘
09:47:20,3.19,0.0,1430,456186.0,卖盘
09:47:23,3.19,0.0,2470,787926.0,卖盘
09:47:26,3.2,0.010000000000000231,570,182290.0,买盘
09:47:29,3.2,0.0,321,102660.0,买盘
09:47:32,3.19,-0.010000000000000231,82,26156.0,中性盘
09:47:36,3.19,0.0,71,22649.0,买盘
09:47:39,3.19,0.0,10,3190.0,买盘
09:47:42,3.19,0.0,123,39237.0,买盘
09:47:45,3.18,-0.009999999999999787,47,14961.0,卖盘
09:47:48,3.19,0.009999999999999787,101,32217.0,买盘
09:47:51,3.19,0.0,251,79921.0,买盘
09:47:54,3.18,-0.009999999999999787,173,55014.0,卖盘
09:47:57,3.19,0.009999999999999787,873,278042.0,买盘
09:48:00,3.19,0.0,226,72035.0,买盘
09:48:03,3.19,0.0,400,127249.0,买盘
09:48:07,3.18,-0.009999999999999787,1002,318708.0,卖盘
09:48:10,3.17,-0.010000000000000231,84,26718.0,卖盘
09:48:13,3.18,0.010000000000000231,124,39432.0,买盘
09:48:17,3.18,0.0,100,31800.0,买盘
09:48:20,3.17,-0.010000000000000231,73,23145.0,卖盘
09:48:23,3.17,0.0,105,33388.0,卖盘
09:48:26,3.17,0.0,1,317.0,卖盘
09:48:29,3.17,0.0,63,19978.0,卖盘
09:48:32,3.18,0.010000000000000231,29,9217.0,买盘
09:48:36,3.18,0.0,36,11421.0,买盘
09:48:39,3.18,0.0,85,26955.0,买盘
09:48:42,3.18,0.0,103,32722.0,买盘
09:48:45,3.17,-0.010000000000000231,12,3808.0,卖盘
09:48:48,3.17,0.0,257,81470.0,卖盘
09:48:51,3.17,0.0,125,39625.0,卖盘
09:48:54,3.18,0.010000000000000231,20,6360.0,买盘
09:48:57,3.17,-0.010000000000000231,54,17118.0,卖盘
09:49:00,3.18,0.010000000000000231,2011,637732.0,买盘
09:49:03,3.17,-0.010000000000000231,346,109682.0,卖盘
09:49:07,3.17,0.0,253,80201.0,买盘
09:49:10,3.17,0.0,30,9510.0,买盘
09:49:14,3.17,0.0,53,16801.0,买盘
09:49:17,3.17,0.0,582,184499.0,买盘
09:49:20,3.18,0.010000000000000231,34,10803.0,买盘
09:49:23,3.18,0.0,321,101793.0,买盘
09:49:26,3.17,-0.010000000000000231,69,21912.0,卖盘
09:49:29,3.17,0.0,75,23800.0,卖盘
09:49:33,3.17,0.0,57,18069.0,卖盘
09:49:36,3.18,0.010000000000000231,5,1590.0,买盘
09:49:39,3.17,-0.010000000000000231,259,82204.0,卖盘
09:49:42,3.17,0.0,5,1585.0,卖盘
09:49:45,3.17,0.0,7,2219.0,卖盘
09:49:51,3.18,0.010000000000000231,46,14628.0,买盘
09:49:54,3.17,-0.010000000000000231,10,3170.0,卖盘
09:49:57,3.17,0.0,79,25112.0,卖盘
09:50:00,3.17,0.0,21,6670.0,卖盘
09:50:03,3.18,0.010000000000000231,2,636.0,买盘
09:50:07,3.18,0.0,2,635.0,买盘
09:50:11,3.17,-0.010000000000000231,45,14265.0,卖盘
09:50:14,3.18,0.010000000000000231,26,8268.000000003725,买盘
09:50:17,3.17,-0.010000000000000231,40,12680.0,卖盘
09:50:20,3.18,0.010000000000000231,86,27346.0,买盘
09:50:23,3.18,0.0,18,5714.0,买盘
09:50:27,3.18,0.0,55,17490.0,买盘
09:50:30,3.18,0.0,7,2225.0,买盘
09:50:33,3.18,0.0,786,249948.0,买盘
09:50:36,3.18,0.0,229,72781.0,买盘
09:50:39,3.18,0.0,47,14945.0,买盘
09:50:42,3.18,0.0,2046,648914.0,买盘
09:50:45,3.18,0.0,131,41623.0,买盘
09:50:51,3.18,0.0,98,31101.0,买盘
09:50:54,3.18,0.0,10,3180.0,买盘
09:50:58,3.18,0.0,31,9858.0,买盘
09:51:01,3.18,0.0,181,57558.0,买盘
09:51:08,3.19,0.009999999999999787,30,9570.0,买盘
09:51:11,3.19,0.0,332,105802.0,买盘
09:51:14,3.19,0.0,18,5742.0,买盘
09:51:17,3.18,-0.009999999999999787,2698,859953.0,卖盘
09:51:20,3.2,0.020000000000000018,63,20126.0,买盘
09:51:23,3.2,0.0,181,57769.0,买盘
09:51:27,3.2,0.0,67,21424.0,买盘
09:51:30,3.2,0.0,180,57545.0,买盘
09:51:33,3.2,0.0,58,18560.0,买盘
09:51:36,3.2,0.0,746,237995.0,买盘
09:51:39,3.19,-0.010000000000000231,123,39257.0,卖盘
09:51:42,3.2,0.010000000000000231,525,167694.0,买盘
09:51:45,3.19,-0.010000000000000231,150,47879.0,中性盘
09:51:48,3.19,0.0,144,45938.0,卖盘
09:51:52,3.2,0.010000000000000231,65,20800.0,买盘
09:51:55,3.2,0.0,43,13727.0,买盘
09:51:59,3.2,0.0,84,26858.0,买盘
09:52:02,3.2,0.0,389,124469.0,买盘
09:52:05,3.2,0.0,229,73230.0,买盘
09:52:08,3.2,0.0,200,64000.0,买盘
09:52:11,3.2,0.0,325,103868.0,买盘
09:52:14,3.2,0.0,331,105819.0,买盘
09:52:18,3.2,0.0,178,56907.0,买盘
09:52:21,3.2,0.0,61,19518.0,买盘
09:52:24,3.2,0.0,215,68756.0,买盘
09:52:27,3.2,0.0,493,157596.0,买盘
09:52:30,3.2,0.0,254,81250.0,买盘
09:52:33,3.2,0.0,377,120591.0,买盘
09:52:36,3.19,-0.010000000000000231,693,221736.0,卖盘
09:52:39,3.2,0.010000000000000231,174,55653.0,买盘
09:52:42,3.2,0.0,37,11815.0,买盘
09:52:45,3.2,0.0,36,11520.0,买盘
09:52:49,3.19,-0.010000000000000231,430,137170.0,卖盘
09:52:52,3.19,0.0,50,15950.0,卖盘
09:52:56,3.2,0.010000000000000231,32,10226.0,买盘
09:52:59,3.2,0.0,45,14375.0,买盘
09:53:02,3.2,0.0,63,20143.0,买盘
09:53:05,3.2,0.0,45,14390.0,买盘
09:53:08,3.2,0.0,49,15672.0,买盘
09:53:15,3.2,0.0,159,50833.0,买盘
09:53:18,3.2,0.0,32,10228.0,买盘
09:53:21,3.2,0.0,9,2874.0,买盘
09:53:24,3.2,0.0,219,69863.0,买盘
09:53:27,3.19,-0.010000000000000231,82,26158.0,卖盘
09:53:30,3.19,0.0,620,197681.0,卖盘
09:53:33,3.19,0.0,41,13079.0,买盘
09:53:36,3.18,-0.009999999999999787,148,47162.0,卖盘
09:53:40,3.19,0.009999999999999787,128,40832.0,买盘
09:53:43,3.19,0.0,111,35403.0,买盘
09:53:47,3.19,0.0,119,37961.0,买盘
09:53:50,3.19,0.0,108,34452.0,买盘
09:53:53,3.19,0.0,281,89589.0,买盘
09:53:56,3.19,0.0,467,148943.0,买盘
09:53:59,3.19,0.0,78,24882.0,买盘
09:54:02,3.19,0.0,5,1595.0,买盘
09:54:06,3.19,0.0,11,3509.0,买盘
09:54:09,3.19,0.0,24,7656.0,买盘
09:54:12,3.19,0.0,44,14006.0,买盘
09:54:15,3.19,0.0,15,4779.0,买盘
09:54:21,3.18,-0.009999999999999787,59,18820.0,卖盘
09:54:24,3.18,0.0,132,42105.0,卖盘
09:54:27,3.18,0.0,125,39762.0,卖盘
09:54:30,3.19,0.009999999999999787,10,3189.0,买盘
09:54:33,3.18,-0.009999999999999787,87,27676.0,卖盘
09:54:36,3.19,0.009999999999999787,100,31900.0,买盘
09:54:43,3.18,-0.009999999999999787,1,318.0,卖盘
09:54:47,3.18,0.0,11,3498.0,卖盘
09:54:53,3.18,0.0,317,100856.0,卖盘
09:54:56,3.18,0.0,392,124656.0,卖盘
09:54:59,3.18,0.0,124,39432.0,卖盘
09:55:03,3.18,0.0,57,18126.0,卖盘
09:55:06,3.18,0.0,79,25132.0,卖盘
09:55:09,3.18,0.0,94,29892.0,卖盘
09:55:12,3.18,0.0,384,122112.0,卖盘
09:55:15,3.18,0.0,645,205120.0,卖盘
09:55:18,3.18,0.0,29,9222.0,中性盘
09:55:21,3.18,0.0,83,26356.0,买盘
09:55:24,3.18,0.0,1,318.0,买盘
09:55:27,3.18,0.0,1,318.0,买盘
09:55:33,3.17,-0.010000000000000231,37,11729.0,卖盘
09:55:37,3.18,0.010000000000000231,505,160590.0,买盘
09:55:41,3.18,0.0,77,24443.0,买盘
09:55:44,3.18,0.0,21,6678.0,买盘
09:55:47,3.18,0.0,27,8566.0,买盘
09:55:50,3.17,-0.010000000000000231,11,3493.0,卖盘
09:55:53,3.18,0.010000000000000231,61,19388.0,买盘
09:55:56,3.18,0.0,210,66770.0,买盘
09:55:59,3.17,-0.010000000000000231,29,9204.0,卖盘
09:56:12,3.18,0.010000000000000231,16,5078.0,买盘
09:56:18,3.18,0.0,3,954.0,买盘
09:56:21,3.18,0.0,247,78496.0,买盘
09:56:24,3.18,0.0,213,67734.0,买盘
09:56:27,3.18,0.0,375,119250.0,买盘
09:56:31,3.18,0.0,105,33390.0,买盘
09:56:34,3.18,0.0,42,13354.0,买盘
09:56:38,3.18,0.0,72,22896.0,卖盘
09:56:41,3.18,0.0,2,636.0,卖盘
09:56:44,3.18,0.0,51,16218.0,卖盘
09:56:47,3.19,0.009999999999999787,23,7317.0,买盘
09:56:50,3.18,-0.009999999999999787,4,1272.0,卖盘
09:56:53,3.18,0.0,279,88722.0,卖盘
09:56:56,3.19,0.009999999999999787,164,52205.0,买盘
09:57:00,3.18,-0.009999999999999787,139,44304.0,卖盘
09:57:03,3.19,0.009999999999999787,27,8611.0,买盘
09:57:09,3.18,-0.009999999999999787,45,14335.0,卖盘
09:57:12,3.18,0.0,28,8904.0,卖盘
09:57:15,3.18,0.0,109,34697.0,卖盘
09:57:18,3.18,0.0,468,148824.0,卖盘
09:57:21,3.18,0.0,10,3180.0,买盘
09:57:24,3.18,0.0,62,19716.0,买盘
09:57:28,3.17,-0.010000000000000231,334,106198.0,卖盘
09:57:31,3.17,0.0,117,37096.0,卖盘
09:57:35,3.18,0.010000000000000231,12,3816.0,买盘
09:57:38,3.17,-0.010000000000000231,44,13948.0,卖盘
09:57:44,3.17,0.0,36,11428.0,卖盘
09:57:47,3.17,0.0,200,63400.0,卖盘
09:57:57,3.17,0.0,29,9193.0,卖盘
09:58:00,3.17,0.0,210,66570.0,卖盘
09:58:03,3.17,0.0,16,5072.0,卖盘
09:58:06,3.17,0.0,1232,390544.0,卖盘
09:58:09,3.17,0.0,2,634.0,买盘
09:58:15,3.16,-0.009999999999999787,168,53088.0,卖盘
09:58:18,3.16,0.0,123,38883.0,卖盘
09:58:21,3.16,0.0,2,632.0,卖盘
09:58:25,3.17,0.009999999999999787,132,41764.0,买盘
09:58:29,3.16,-0.009999999999999787,72,22757.0,卖盘
09:58:32,3.16,0.0,17,5372.0,卖盘
09:58:35,3.16,0.0,14,4432.0,卖盘
09:58:38,3.16,0.0,208,65728.0,卖盘
09:58:41,3.16,0.0,144,45504.0,卖盘
09:58:44,3.16,0.0,5,1580.0,卖盘
09:58:48,3.16,0.0,1,316.0,卖盘
09:58:51,3.16,0.0,51,16116.0,卖盘
09:58:54,3.16,0.0,567,179172.0,卖盘
09:58:57,3.16,0.0,146,46136.0,卖盘
09:58:59,3.16,0.0,1,316.0,卖盘
09:59:03,3.17,0.009999999999999787,15,4743.0,买盘
09:59:06,3.16,-0.009999999999999787,173,54698.0,卖盘
09:59:09,3.17,0.009999999999999787,725,229825.0,买盘
09:59:12,3.17,0.0,451,142957.0,买盘
09:59:15,3.17,0.0,154,48795.0,买盘
09:59:18,3.16,-0.009999999999999787,15,4740.0,卖盘
09:59:22,3.17,0.009999999999999787,49,15523.0,买盘
09:59:26,3.16,-0.009999999999999787,33,10428.0,卖盘
09:59:29,3.16,0.0,139,43924.0,卖盘
09:59:35,3.16,0.0,19,6004.0,卖盘
09:59:45,3.16,0.0,37,11692.0,卖盘
09:59:48,3.16,0.0,13,4108.0,卖盘
09:59:51,3.16,0.0,39,12324.0,卖盘
09:59:54,3.16,0.0,1,316.0,卖盘
09:59:57,3.17,0.009999999999999787,110,34770.0,买盘
10:00:00,3.17,0.0,11,3477.0,买盘
10:00:03,3.17,0.0,113,35821.0,买盘
10:00:06,3.17,0.0,27,8559.0,买盘
10:00:09,3.17,0.0,45,14265.0,买盘
10:00:12,3.17,0.0,1780,562709.0,买盘
10:00:16,3.16,-0.009999999999999787,816,258660.0,卖盘
10:00:19,3.17,0.009999999999999787,513,162828.0,买盘
10:00:22,3.17,0.0,45,14265.0,卖盘
10:00:26,3.17,0.0,27,8559.0,卖盘
10:00:32,3.17,0.0,83,26311.0,卖盘
10:00:35,3.17,0.0,78,24726.0,卖盘
10:00:38,3.18,0.010000000000000231,111,35217.0,买盘
10:00:41,3.17,-0.010000000000000231,15,4755.0,卖盘
10:00:48,3.17,0.0,1,317.0,卖盘
10:00:51,3.17,0.0,70,22190.0,卖盘
10:00:54,3.17,0.0,30,9530.0,卖盘
10:01:00,3.17,0.0,1,317.0,卖盘
10:01:03,3.17,0.0,61,19378.0,卖盘
10:01:09,3.18,0.010000000000000231,20,6350.0,买盘
10:01:23,3.17,-0.010000000000000231,6,1902.0,卖盘
10:01:26,3.18,0.010000000000000231,241,76417.0,买盘
10:01:29,3.17,-0.010000000000000231,108,34236.0,卖盘
10:01:32,3.17,0.0,161,51037.0,卖盘
10:01:35,3.17,0.0,94,29798.0,卖盘
10:01:39,3.17,0.0,43,13631.0,卖盘
10:01:42,3.17,0.0,134,42478.0,卖盘
10:01:45,3.18,0.010000000000000231,44,13971.0,买盘
10:01:48,3.17,-0.010000000000000231,110,34870.0,卖盘
10:01:51,3.17,0.0,6,1902.0,买盘
10:01:54,3.17,0.0,20,6340.0,买盘
10:01:59,3.17,0.0,165,52145.0,买盘
10:02:03,3.17,0.0,49,15532.0,买盘
10:02:06,3.17,0.0,13,4119.0,买盘
10:02:10,3.17,0.0,1,317.0,买盘
10:02:13,3.16,-0.009999999999999787,11,3477.0,卖盘
10:02:17,3.17,0.009999999999999787,6,1902.0,买盘
10:02:20,3.16,-0.009999999999999787,197,62252.0,卖盘
10:02:23,3.17,0.009999999999999787,6,1902.0,买盘
10:02:26,3.16,-0.009999999999999787,191,60357.0,卖盘
10:02:29,3.17,0.009999999999999787,13,4112.0,买盘
10:02:33,3.16,-0.009999999999999787,34,10744.0,卖盘
10:02:39,3.16,0.0,113,35708.0,卖盘
10:02:42,3.16,0.0,86,27176.0,卖盘
10:02:45,3.16,0.0,38,12008.0,卖盘
10:02:48,3.16,0.0,5,1580.0,卖盘
10:02:54,3.16,0.0,665,210140.0,卖盘
10:02:57,3.16,0.0,49,15484.0,买盘
10:03:00,3.16,0.0,73,23068.0,买盘
10:03:04,3.16,0.0,4,1264.0,卖盘
10:03:07,3.16,0.0,17,5372.0,卖盘
10:03:11,3.17,0.009999999999999787,30,9490.0,买盘
10:03:17,3.16,-0.009999999999999787,3,948.0,卖盘
10:03:23,3.16,0.0,18,5688.0,卖盘
10:03:27,3.16,0.0,12,3792.0,卖盘
10:03:30,3.16,0.0,20,6320.0,卖盘
10:03:33,3.16,0.0,245,77425.0,卖盘
10:03:36,3.16,0.0,10,3160.0,卖盘
10:03:39,3.16,0.0,1,316.0,卖盘
10:03:42,3.17,0.009999999999999787,701,222217.0,买盘
10:03:45,3.17,0.0,1,317.0,买盘
10:03:48,3.16,-0.009999999999999787,41,12956.0,卖盘
10:03:54,3.16,0.0,5,1580.0,卖盘
10:04:01,3.16,0.0,50,15800.0,卖盘
10:04:05,3.16,0.0,779,246923.0,卖盘
10:04:08,3.17,0.009999999999999787,82,25994.0,买盘
10:04:11,3.16,-0.009999999999999787,1,316.0,卖盘
10:04:17,3.16,0.0,2,633.0,卖盘
10:04:27,3.16,0.0,1,316.0,卖盘
10:04:30,3.16,0.0,1072,338782.0,卖盘
10:04:33,3.17,0.009999999999999787,30,9510.0,买盘
10:04:39,3.17,0.0,102,32334.0,买盘
10:04:42,3.17,0.0,22,6972.0,买盘
10:04:45,3.16,-0.009999999999999787,6,1896.0,卖盘
10:04:55,3.16,0.0,52,16434.0,卖盘
10:04:58,3.16,0.0,19,6004.0,卖盘
10:05:02,3.16,0.0,15,4740.0,卖盘
10:05:05,3.17,0.009999999999999787,208,65928.0,买盘
10:05:08,3.16,-0.009999999999999787,312,98641.0,卖盘
10:05:11,3.16,0.0,133,42128.0,卖盘
10:05:14,3.16,0.0,31,9796.0,卖盘
10:05:24,3.17,0.009999999999999787,20,6330.0,买盘
10:05:27,3.16,-0.009999999999999787,52,16432.0,卖盘
10:05:30,3.17,0.009999999999999787,73,23140.0,买盘
10:05:33,3.16,-0.009999999999999787,84,26544.0,卖盘
10:05:36,3.16,0.0,14,4424.0,卖盘
10:05:39,3.17,0.009999999999999787,1,317.0,买盘
10:05:42,3.16,-0.009999999999999787,39,12324.0,卖盘
10:05:45,3.17,0.009999999999999787,10,3170.0,买盘
10:05:59,3.16,-0.009999999999999787,751,237316.0,卖盘
10:06:02,3.16,0.0,68,21495.0,买盘
10:06:05,3.17,0.009999999999999787,17,5387.0,买盘
10:06:08,3.16,-0.009999999999999787,13,4108.0,卖盘
10:06:17,3.16,0.0,6,1897.0,卖盘
10:06:21,3.16,0.0,20,6320.0,卖盘
10:06:27,3.16,0.0,50,15800.0,卖盘
10:06:33,3.16,0.0,152,48032.0,卖盘
10:06:36,3.17,0.009999999999999787,27,8559.0,买盘
10:06:42,3.17,0.0,5,1585.0,买盘
10:06:46,3.16,-0.009999999999999787,192,60729.0,卖盘
10:06:52,3.17,0.009999999999999787,104,32964.0,买盘
10:07:05,3.17,0.0,10,3170.0,买盘
10:07:08,3.16,-0.009999999999999787,10,3160.0,卖盘
10:07:11,3.17,0.009999999999999787,158,50086.0,买盘
10:07:18,3.17,0.0,1953,619158.0,买盘
10:07:21,3.17,0.0,99,31383.0,卖盘
10:07:24,3.17,0.0,41,12997.0,卖盘
10:07:27,3.17,0.0,31,9827.0,卖盘
10:07:30,3.17,0.0,5,1585.0,卖盘
10:07:33,3.18,0.010000000000000231,32,10176.0,买盘
10:07:46,3.17,-0.010000000000000231,77,24416.0,卖盘
10:07:53,3.17,0.0,2,634.0,卖盘
10:07:56,3.17,0.0,48,15216.0,卖盘
10:07:59,3.17,0.0,12,3804.0,卖盘
10:08:05,3.18,0.010000000000000231,27,8585.0,买盘
10:08:09,3.17,-0.010000000000000231,138,43784.0,卖盘
10:08:12,3.18,0.010000000000000231,30,9538.0,买盘
10:08:15,3.18,0.0,77,24486.0,买盘
10:08:18,3.18,0.0,25,7950.0,买盘
10:08:21,3.18,0.0,1,318.0,买盘
10:08:24,3.19,0.009999999999999787,8938,2846611.0,买盘
10:08:27,3.2,0.010000000000000231,1664,532480.0,买盘
10:08:30,3.2,0.0,1046,334715.0,买盘
10:08:33,3.2,0.0,88,28100.0,买盘
10:08:37,3.19,-0.010000000000000231,125,39900.0,卖盘
10:08:40,3.2,0.010000000000000231,81,25920.0,买盘
10:08:43,3.2,0.0,22,7040.0,买盘
10:08:47,3.2,0.0,25,8000.0,买盘
10:08:50,3.2,0.0,133,42560.0,买盘
10:08:53,3.2,0.0,90,28800.0,买盘
10:08:56,3.2,0.0,188,60160.0,买盘
10:08:59,3.2,0.0,73,23337.0,买盘
10:09:02,3.2,0.0,6,1920.0,买盘
10:09:05,3.2,0.0,384,122880.0,买盘
10:09:09,3.19,-0.010000000000000231,241,77110.0,卖盘
10:09:12,3.2,0.010000000000000231,53,16960.0,买盘
10:09:15,3.2,0.0,170,54380.0,买盘
10:09:18,3.2,0.0,45,14377.0,买盘
10:09:21,3.2,0.0,57,18185.0,买盘
10:09:24,3.19,-0.010000000000000231,362,115483.0,卖盘
10:09:27,3.2,0.010000000000000231,174,55680.0,买盘
10:09:33,3.2,0.0,190,60791.0,买盘
10:09:37,3.2,0.0,29,9258.0,买盘
10:09:40,3.2,0.0,40,12789.0,买盘
10:09:43,3.2,0.0,712,227840.0,买盘
10:09:47,3.2,0.0,2,639.0,买盘
10:09:53,3.2,0.0,28,8952.0,买盘
10:09:56,3.2,0.0,47,15040.0,买盘
10:09:59,3.2,0.0,3,960.0,买盘
10:10:02,3.2,0.0,240,76800.0,买盘
10:10:06,3.2,0.0,25,8000.0,买盘
10:10:09,3.19,-0.010000000000000231,321,102483.0,卖盘
10:10:12,3.19,0.0,391,124749.0,卖盘
10:10:15,3.19,0.0,161,51387.0,卖盘
10:10:18,3.19,0.0,508,162082.0,卖盘
10:10:21,3.19,0.0,38,12122.0,中性盘
10:10:24,3.19,0.0,362,115784.0,买盘
10:10:31,3.19,0.0,664,211982.0,卖盘
10:10:34,3.19,0.0,11,3509.0,买盘
10:10:37,3.2,0.010000000000000231,110,35092.0,买盘
10:10:41,3.2,0.0,63,20098.0,买盘
10:10:44,3.2,0.0,12,3830.0,买盘
10:10:47,3.19,-0.010000000000000231,19,6061.0,卖盘
10:10:50,3.2,0.010000000000000231,10,3200.0,买盘
10:10:56,3.19,-0.010000000000000231,220,70180.0,卖盘
10:10:59,3.19,0.0,15,4785.0,买盘
10:11:03,3.19,0.0,1,319.0,买盘
10:11:06,3.19,0.0,65,20735.0,买盘
10:11:09,3.19,0.0,1,319.0,买盘
10:11:12,3.19,0.0,55,17545.0,买盘
10:11:15,3.19,0.0,180,57420.0,买盘
10:11:18,3.21,0.020000000000000018,9546,3054850.0,买盘
10:11:21,3.21,0.0,2509,805269.0,买盘
10:11:24,3.22,0.010000000000000231,415,133609.0,买盘
10:11:28,3.22,0.0,20,6439.0,买盘
10:11:31,3.21,-0.010000000000000231,1491,480097.0,卖盘
10:11:35,3.22,0.010000000000000231,385,123970.0,买盘
10:11:38,3.22,0.0,841,270603.0,买盘
10:11:41,3.22,0.0,139,44758.0,卖盘
10:11:44,3.22,0.0,188,60576.0,卖盘
10:11:47,3.23,0.009999999999999787,322,103944.0,买盘
10:11:50,3.22,-0.009999999999999787,230,74285.0,卖盘
10:11:53,3.23,0.009999999999999787,424,136795.0,买盘
10:11:57,3.22,-0.009999999999999787,575,185654.0,卖盘
10:12:00,3.22,0.0,525,169562.0,卖盘
10:12:03,3.22,0.0,298,96088.0,卖盘
10:12:06,3.23,0.009999999999999787,171,55149.0,买盘
10:12:09,3.22,-0.009999999999999787,729,235295.0,卖盘
10:12:12,3.22,0.0,250,80649.0,卖盘
10:12:15,3.23,0.009999999999999787,226,72974.0,买盘
10:12:18,3.22,-0.009999999999999787,18,5806.0,卖盘
10:12:22,3.22,0.0,931,300613.0,卖盘
10:12:25,3.22,0.0,999,321803.0,卖盘
10:12:29,3.23,0.009999999999999787,165,53153.0,买盘
10:12:32,3.23,0.0,161,51999.0,买盘
10:12:35,3.23,0.0,267,85982.0,买盘
10:12:38,3.23,0.0,275,88814.0,买盘
10:12:41,3.23,0.0,30,9690.0,买盘
10:12:44,3.22,-0.009999999999999787,72,23195.0,卖盘
10:12:47,3.23,0.009999999999999787,58,18733.0,买盘
10:12:51,3.22,-0.009999999999999787,353,113767.0,卖盘
10:12:54,3.23,0.009999999999999787,278,89522.0,买盘
10:12:57,3.22,-0.009999999999999787,80,25837.0,卖盘
10:13:00,3.22,0.0,567,182699.0,卖盘
10:13:03,3.22,0.0,418,134803.0,卖盘
10:13:06,3.22,0.0,394,126888.0,卖盘
10:13:09,3.22,0.0,196,63112.0,买盘
10:13:12,3.22,0.0,485,155840.0,买盘
10:13:15,3.23,0.009999999999999787,59,19000.0,买盘
10:13:19,3.22,-0.009999999999999787,917,296114.0,卖盘
10:13:22,3.22,0.0,69,22218.0,卖盘
10:13:25,3.22,0.0,4,1291.0,卖盘
10:13:29,3.23,0.009999999999999787,47,15171.0,买盘
10:13:32,3.22,-0.009999999999999787,123,39704.0,卖盘
10:13:35,3.22,0.0,467,150406.0,卖盘
10:13:38,3.23,0.009999999999999787,43,13856.0,买盘
10:13:41,3.22,-0.009999999999999787,139,44876.0,卖盘
10:13:44,3.23,0.009999999999999787,79,25517.0,买盘
10:13:48,3.22,-0.009999999999999787,567,182636.0,卖盘
10:13:51,3.23,0.009999999999999787,19,6137.0,买盘
10:13:54,3.23,0.0,196,63183.0,买盘
10:13:57,3.23,0.0,77,24871.0,买盘
10:13:59,3.22,-0.009999999999999787,614,197842.0,卖盘
10:14:03,3.22,0.0,14,4508.0,买盘
10:14:06,3.22,0.0,56,18032.0,买盘
10:14:09,3.22,0.0,85,27360.0,买盘
10:14:12,3.22,0.0,35,11270.0,买盘
10:14:16,3.22,0.0,135,43470.0,买盘
10:14:19,3.22,0.0,313,100786.0,买盘
10:14:22,3.22,0.0,20,6440.0,买盘
10:14:25,3.22,0.0,76,24417.0,买盘
10:14:29,3.22,0.0,182,58544.0,买盘
10:14:32,3.22,0.0,206,66325.0,买盘
10:14:35,3.21,-0.010000000000000231,220,70620.0,卖盘
10:14:38,3.22,0.010000000000000231,2,644.0,买盘
10:14:41,3.22,0.0,171,54893.0,买盘
10:14:48,3.22,0.0,5,1610.0,买盘
10:14:51,3.22,0.0,30,9660.0,买盘
10:14:54,3.22,0.0,20,6440.0,买盘
10:14:57,3.22,0.0,10,3220.0,买盘
10:15:00,3.21,-0.010000000000000231,230,73927.0,卖盘
10:15:03,3.22,0.010000000000000231,101,32455.0,买盘
10:15:06,3.22,0.0,262,84247.0,买盘
10:15:09,3.22,0.0,2,644.0,买盘
10:15:12,3.21,-0.010000000000000231,16,5136.0,卖盘
10:15:16,3.22,0.010000000000000231,241,77601.0,买盘
10:15:19,3.22,0.0,10,3220.0,买盘
10:15:26,3.22,0.0,9,2892.0,买盘
10:15:29,3.21,-0.010000000000000231,1614,518246.0,卖盘
10:15:32,3.21,0.0,171,54891.0,买盘
10:15:38,3.22,0.010000000000000231,31,9982.0,买盘
10:15:42,3.21,-0.010000000000000231,31,9951.0,卖盘
10:15:45,3.21,0.0,110,35354.0,卖盘
10:15:48,3.22,0.010000000000000231,74,23764.0,买盘
10:15:51,3.21,-0.010000000000000231,15,4815.0,卖盘
10:15:57,3.22,0.010000000000000231,30,9660.0,买盘
10:16:00,3.21,-0.010000000000000231,134,43014.0,卖盘
10:16:03,3.21,0.0,126,40463.0,卖盘
10:16:06,3.22,0.010000000000000231,3,966.0,买盘
10:16:09,3.22,0.0,26,8372.0,买盘
10:16:13,3.22,0.0,2,644.0,买盘
10:16:16,3.21,-0.010000000000000231,8,2568.0,卖盘
10:16:20,3.21,0.0,58,18656.0,卖盘
10:16:23,3.22,0.010000000000000231,86,27636.0,买盘
10:16:26,3.21,-0.010000000000000231,15,4815.0,卖盘
10:16:29,3.22,0.010000000000000231,232,74704.0,买盘
10:16:32,3.22,0.0,10,3220.0,买盘
10:16:35,3.21,-0.010000000000000231,393,126157.0,卖盘
10:16:39,3.21,0.0,3,963.0,卖盘
10:16:45,3.21,0.0,70,22490.0,卖盘
10:16:48,3.22,0.010000000000000231,30,9660.0,买盘
10:16:51,3.21,-0.010000000000000231,300,96300.0,卖盘
10:16:54,3.21,0.0,470,150889.0,卖盘
10:16:57,3.21,0.0,276,88596.0,卖盘
10:17:00,3.21,0.0,52,16692.0,买盘
10:17:03,3.21,0.0,122,39162.0,买盘
10:17:06,3.21,0.0,206,66126.0,买盘
10:17:10,3.21,0.0,164,52644.0,卖盘
10:17:13,3.2,-0.009999999999999787,36,11520.0,卖盘
10:17:17,3.21,0.009999999999999787,23,7383.0,买盘
10:17:20,3.21,0.0,4,1284.0,买盘
10:17:23,3.21,0.0,6,1926.0,买盘
10:17:29,3.21,0.0,5,1605.0,买盘
10:17:32,3.21,0.0,36,11556.0,买盘
10:17:36,3.21,0.0,54,17334.0,买盘
10:17:42,3.2,-0.009999999999999787,1,320.0,卖盘
10:17:45,3.2,0.0,200,64050.0,卖盘
10:17:51,3.2,0.0,50,16036.0,卖盘
10:17:54,3.2,0.0,76,24320.0,卖盘
10:17:57,3.21,0.009999999999999787,366,117203.0,买盘
10:18:00,3.2,-0.009999999999999787,100,32000.0,卖盘
10:18:03,3.21,0.009999999999999787,24,7690.0,买盘
10:18:10,3.2,-0.009999999999999787,13,4160.0,卖盘
10:18:13,3.21,0.009999999999999787,186,59706.0,买盘
10:18:17,3.21,0.0,191,61132.0,买盘
10:18:20,3.21,0.0,12,3844.0,买盘
10:18:23,3.2,-0.009999999999999787,30,9625.0,卖盘
10:18:26,3.21,0.009999999999999787,1,321.0,买盘
10:18:29,3.2,-0.009999999999999787,184,58890.0,卖盘
10:18:32,3.21,0.009999999999999787,32,10272.0,买盘
10:18:39,3.2,-0.009999999999999787,29,9289.0,卖盘
10:18:42,3.2,0.0,5,1600.0,卖盘
10:18:45,3.2,0.0,13,4160.0,卖盘
10:18:48,3.2,0.0,43,13760.0,卖盘
10:18:54,3.2,0.0,29,9280.0,卖盘
10:18:57,3.2,0.0,50,16020.0,卖盘
10:19:01,3.2,0.0,215,68800.0,卖盘
10:19:04,3.21,0.009999999999999787,22,7054.0,买盘
10:19:07,3.2,-0.009999999999999787,38,12167.0,卖盘
10:19:11,3.2,0.0,228,72972.0,卖盘
10:19:17,3.21,0.009999999999999787,925,296925.0,买盘
10:19:20,3.21,0.0,3,963.0,买盘
10:19:23,3.2,-0.009999999999999787,238,76160.0,卖盘
10:19:26,3.21,0.009999999999999787,6,1926.0,买盘
10:19:30,3.2,-0.009999999999999787,42,13440.0,卖盘
10:19:33,3.21,0.009999999999999787,2,642.0,买盘
10:19:36,3.21,0.0,40,12840.0,买盘
10:19:42,3.21,0.0,3,963.0,买盘
10:19:45,3.21,0.0,359,115239.0,买盘
10:19:48,3.2,-0.009999999999999787,4,1280.0,卖盘
10:19:51,3.21,0.009999999999999787,60,19260.0,买盘
10:19:54,3.2,-0.009999999999999787,54,17280.0,卖盘
10:19:58,3.2,0.0,598,191411.0,卖盘
10:20:04,3.2,0.0,1,320.0,卖盘
10:20:08,3.21,0.009999999999999787,260,83457.99999999255,买盘
10:20:11,3.21,0.0,17,5457.0,买盘
10:20:14,3.21,0.0,1,321.0,买盘
10:20:17,3.2,-0.009999999999999787,35,11200.0,卖盘
10:20:20,3.2,0.0,18,5760.0,卖盘
10:20:23,3.21,0.009999999999999787,4,1284.0,买盘
10:20:27,3.2,-0.009999999999999787,11,3520.0,卖盘
10:20:36,3.2,0.0,100,32000.0,卖盘
10:20:39,3.21,0.009999999999999787,51,16367.0,买盘
10:20:42,3.21,0.0,23,7367.0,买盘
10:20:45,3.21,0.0,32,10242.0,买盘
10:20:48,3.21,0.0,38,12198.0,买盘
10:20:51,3.2,-0.009999999999999787,69,22119.0,卖盘
10:20:58,3.2,0.0,1,320.0,卖盘
10:21:01,3.21,0.009999999999999787,3,963.0,买盘
10:21:05,3.21,0.0,23,7383.0,买盘
10:21:08,3.2,-0.009999999999999787,125,40005.0,卖盘
10:21:11,3.2,0.0,800,256000.0,卖盘
10:21:14,3.2,0.0,489,156480.0,卖盘
10:21:17,3.2,0.0,109,34880.0,卖盘
10:21:24,3.2,0.0,86,27520.0,卖盘
10:21:27,3.2,0.0,26,8320.0,卖盘
10:21:30,3.21,0.009999999999999787,1,321.0,买盘
10:21:33,3.2,-0.009999999999999787,18,5763.0,卖盘
10:21:36,3.2,0.0,5,1600.0,卖盘
10:21:39,3.2,0.0,10,3200.0,卖盘
10:21:42,3.21,0.009999999999999787,13,4171.0,买盘
10:21:48,3.21,0.0,102,32693.0,买盘
10:21:52,3.21,0.0,1,321.0,买盘
10:21:55,3.21,0.0,41,13159.0,买盘
10:22:11,3.21,0.0,30,9630.0,买盘
10:22:18,3.2,-0.009999999999999787,2,640.0,卖盘
10:22:27,3.21,0.009999999999999787,6,1926.0,买盘
10:22:30,3.2,-0.009999999999999787,21,6724.0,卖盘
10:22:33,3.2,0.0,510,163709.0,卖盘
10:22:46,3.2,0.0,10,3200.0,卖盘
10:22:50,3.2,0.0,136,43520.0,卖盘
10:22:53,3.2,0.0,40,12800.0,卖盘
10:22:56,3.2,0.0,1,320.0,卖盘
10:23:05,3.2,0.0,221,70800.0,卖盘
10:23:09,3.2,0.0,48,15360.0,卖盘
10:23:18,3.2,0.0,27,8640.0,卖盘
10:23:21,3.2,0.0,472,151040.0,卖盘
10:23:24,3.2,0.0,24,7682.0,卖盘
10:23:27,3.2,0.0,125,40000.0,卖盘
10:23:30,3.21,0.009999999999999787,32,10241.0,买盘
10:23:33,3.2,-0.009999999999999787,100,32000.0,卖盘
10:23:37,3.21,0.009999999999999787,8,2565.0,买盘
10:23:40,3.2,-0.009999999999999787,19,6080.0,卖盘
10:23:50,3.21,0.009999999999999787,131,42001.0,买盘
10:23:53,3.2,-0.009999999999999787,3,960.0,卖盘
10:24:02,3.21,0.009999999999999787,7,2247.0,买盘
10:24:09,3.21,0.0,56,17974.0,买盘
10:24:12,3.21,0.0,2,642.0,买盘
10:24:18,3.2,-0.009999999999999787,1,320.0,卖盘
10:24:21,3.21,0.009999999999999787,57,18297.0,买盘
10:24:24,3.21,0.0,100,32100.0,买盘
10:24:27,3.21,0.0,10,3210.0,买盘
10:24:33,3.2,-0.009999999999999787,1,320.0,卖盘
10:24:37,3.2,0.0,51,16320.0,卖盘
10:24:40,3.2,0.0,2,640.0,卖盘
10:24:47,3.21,0.009999999999999787,64,20544.0,买盘
10:24:50,3.21,0.0,439,140914.0,买盘
10:24:53,3.21,0.0,16,5136.0,买盘
10:24:56,3.21,0.0,30,9630.0,买盘
10:24:59,3.21,0.0,117,37554.0,买盘
10:25:06,3.21,0.0,2,642.0,买盘
10:25:09,3.21,0.0,26,8346.0,买盘
10:25:12,3.21,0.0,12,3852.0,买盘
10:25:18,3.21,0.0,80,25671.0,买盘
10:25:24,3.21,0.0,18,5778.0,买盘
10:25:30,3.2,-0.009999999999999787,179,57280.0,卖盘
10:25:34,3.2,0.0,20,6413.0,卖盘
10:25:37,3.21,0.009999999999999787,214,68494.0,买盘
10:25:41,3.2,-0.009999999999999787,6,1920.0,卖盘
10:25:44,3.21,0.009999999999999787,10,3210.0,买盘
10:25:47,3.21,0.0,34,10914.0,买盘
10:25:53,3.2,-0.009999999999999787,36,11526.0,卖盘
10:26:00,3.2,0.0,42,13477.0,卖盘
10:26:03,3.2,0.0,106,33996.0,卖盘
10:26:06,3.21,0.009999999999999787,13,4171.0,买盘
10:26:09,3.21,0.0,190,60990.0,买盘
10:26:12,3.21,0.0,434,139314.0,买盘
10:26:15,3.2,-0.009999999999999787,440,141234.0,卖盘
10:26:24,3.21,0.009999999999999787,11,3531.0,买盘
10:26:28,3.2,-0.009999999999999787,1,320.0,卖盘
10:26:31,3.21,0.009999999999999787,23,7383.0,买盘
10:26:34,3.2,-0.009999999999999787,12,3841.0,卖盘
10:26:47,3.21,0.009999999999999787,1,321.0,买盘
10:26:50,3.21,0.0,53,17010.0,买盘
10:26:53,3.2,-0.009999999999999787,151,48330.0,卖盘
10:26:57,3.21,0.009999999999999787,20,6420.0,买盘
10:27:00,3.21,0.0,47,15087.0,买盘
10:27:03,3.2,-0.009999999999999787,538,172160.0,卖盘
10:27:06,3.2,0.0,71,22720.0,卖盘
10:27:09,3.2,0.0,47,15040.0,卖盘
10:27:12,3.21,0.009999999999999787,128,41055.0,买盘
10:27:15,3.21,0.0,95,30429.0,买盘
10:27:18,3.2,-0.009999999999999787,6,1920.0,卖盘
10:27:21,3.21,0.009999999999999787,7,2246.0,买盘
10:27:25,3.2,-0.009999999999999787,1,320.0,卖盘
10:27:28,3.2,0.0,1,320.0,卖盘
10:27:31,3.21,0.009999999999999787,454,145734.0,买盘
10:27:35,3.2,-0.009999999999999787,20,6400.0,卖盘
10:27:38,3.2,0.0,24,7680.0,卖盘
10:27:41,3.21,0.009999999999999787,1,321.0,买盘
10:27:44,3.21,0.0,40,12810.0,买盘
10:27:47,3.21,0.0,7,2247.0,买盘
10:27:50,3.2,-0.009999999999999787,3,960.0,卖盘
10:28:00,3.2,0.0,19,6080.0,卖盘
10:28:03,3.21,0.009999999999999787,10,3210.0,买盘
10:28:09,3.21,0.0,180,57780.0,买盘
10:28:15,3.21,0.0,2,642.0,买盘
10:28:18,3.2,-0.009999999999999787,1,320.0,卖盘
10:28:25,3.21,0.009999999999999787,56,17976.0,买盘
10:28:28,3.21,0.0,15,4815.0,买盘
10:28:35,3.2,-0.009999999999999787,175,56011.0,卖盘
10:28:38,3.21,0.009999999999999787,89,28568.0,买盘
10:28:41,3.21,0.0,89,28549.0,买盘
10:28:44,3.21,0.0,64,20544.0,买盘
10:28:51,3.2,-0.009999999999999787,5,1600.0,卖盘
10:28:54,3.2,0.0,3,960.0,卖盘
10:28:57,3.2,0.0,5,1600.0,卖盘
10:29:00,3.2,0.0,76,24320.0,卖盘
10:29:03,3.2,0.0,65,20800.0,卖盘
10:29:06,3.2,0.0,22,7040.0,卖盘
10:29:09,3.2,0.0,7,2240.0,卖盘
10:29:15,3.2,0.0,2,640.0,卖盘
10:29:18,3.2,0.0,15,4802.0,卖盘
10:29:22,3.2,0.0,3,960.0,卖盘
10:29:32,3.2,0.0,103,32960.0,卖盘
10:29:35,3.2,0.0,96,30720.0,卖盘
10:29:38,3.2,0.0,1,320.0,卖盘
10:29:41,3.2,0.0,3,960.0,卖盘
10:29:44,3.21,0.009999999999999787,94,30106.0,买盘
10:29:48,3.21,0.0,33,10593.0,买盘
10:29:51,3.21,0.0,2,642.0,买盘
10:30:00,3.21,0.0,106,33939.0,买盘
10:30:03,3.21,0.0,39,12519.0,买盘
10:30:06,3.2,-0.009999999999999787,168,53793.0,卖盘
10:30:09,3.2,0.0,40,12805.0,卖盘
10:30:12,3.2,0.0,20,6402.0,卖盘
10:30:16,3.2,0.0,81,25970.0,卖盘
10:30:22,3.21,0.009999999999999787,320,102720.0,买盘
10:30:26,3.21,0.0,14,4484.0,买盘
10:30:29,3.2,-0.009999999999999787,479,153754.0,卖盘
10:30:32,3.21,0.009999999999999787,25,8025.0,买盘
10:30:35,3.2,-0.009999999999999787,125,40064.0,卖盘
10:30:38,3.21,0.009999999999999787,154,49429.0,买盘
10:30:48,3.2,-0.009999999999999787,2,640.0,卖盘
10:30:51,3.2,0.0,21,6727.0,卖盘
10:30:54,3.2,0.0,101,32321.0,卖盘
10:30:57,3.2,0.0,10,3200.0,卖盘
10:31:00,3.21,0.009999999999999787,191,61310.0,买盘
10:31:03,3.21,0.0,125,40125.0,买盘
10:31:06,3.21,0.0,369,118449.0,买盘
10:31:10,3.21,0.0,104,33384.0,买盘
10:31:13,3.21,0.0,919,294945.0,买盘
10:31:16,3.21,0.0,223,71585.0,买盘
10:31:20,3.21,0.0,103,33064.0,卖盘
10:31:23,3.21,0.0,50,16050.0,卖盘
10:31:26,3.21,0.0,1,321.0,卖盘
10:31:29,3.21,0.0,39,12519.0,卖盘
10:31:32,3.21,0.0,479,153836.0,卖盘
10:31:35,3.21,0.0,22,7062.0,卖盘
10:31:39,3.21,0.0,2,642.0,卖盘
10:31:42,3.21,0.0,8,2568.0,卖盘
10:31:51,3.21,0.0,290,93090.0,卖盘
10:31:54,3.21,0.0,21,6741.0,卖盘
10:32:03,3.21,0.0,18,5789.0,卖盘
10:32:07,3.21,0.0,134,43074.0,卖盘
10:32:10,3.21,0.0,11,3531.0,卖盘
10:32:14,3.21,0.0,4,1284.0,卖盘
10:32:17,3.21,0.0,6,1931.0,卖盘
10:32:20,3.22,0.010000000000000231,5,1610.0,买盘
10:32:26,3.22,0.0,50,16100.0,买盘
10:32:29,3.22,0.0,97,31157.0,买盘
10:32:32,3.22,0.0,50,16100.0,买盘
10:32:36,3.21,-0.010000000000000231,154,49437.0,卖盘
10:32:39,3.21,0.0,1,321.0,卖盘
10:32:42,3.22,0.010000000000000231,169,54418.0,买盘
10:32:48,3.22,0.0,397,127831.0,买盘
10:32:51,3.22,0.0,13,4186.0,买盘
10:32:57,3.22,0.0,51,16422.0,买盘
10:33:04,3.22,0.0,270,86715.0,买盘
10:33:07,3.22,0.0,11,3542.0,买盘
10:33:14,3.22,0.0,65,20930.0,买盘
10:33:17,3.21,-0.010000000000000231,7,2252.0,卖盘
10:33:23,3.22,0.010000000000000231,122,39284.0,买盘
10:33:26,3.22,0.0,128,41216.0,买盘
10:33:30,3.22,0.0,129,41458.0,买盘
10:33:33,3.22,0.0,9,2898.0,买盘
10:33:39,3.21,-0.010000000000000231,1,321.0,卖盘
10:33:42,3.21,0.0,1,321.0,卖盘
10:33:45,3.22,0.010000000000000231,10,3220.0,买盘
10:33:48,3.22,0.0,136,43792.0,买盘
10:33:54,3.21,-0.010000000000000231,11,3531.0,卖盘
10:33:58,3.22,0.010000000000000231,10,3219.0,买盘
10:34:04,3.22,0.0,2,644.0,买盘
10:34:07,3.22,0.0,10,3220.0,买盘
10:34:11,3.22,0.0,258,83076.0,买盘
10:34:14,3.22,0.0,1,322.0,买盘
10:34:17,3.21,-0.010000000000000231,19,6116.0,卖盘
10:34:20,3.22,0.010000000000000231,1,322.0,买盘
10:34:23,3.22,0.0,10,3218.0,买盘
10:34:27,3.21,-0.010000000000000231,2,642.0,卖盘
10:34:30,3.22,0.010000000000000231,66,21252.0,买盘
10:34:33,3.21,-0.010000000000000231,11,3540.0,卖盘
10:34:36,3.21,0.0,14,4494.0,卖盘
10:34:39,3.21,0.0,319,102404.0,卖盘
10:34:42,3.22,0.010000000000000231,144,46268.0,买盘
10:34:45,3.21,-0.010000000000000231,17,5466.0,卖盘
10:34:48,3.22,0.010000000000000231,1,322.0,买盘
10:34:51,3.22,0.0,360,115920.0,买盘
10:34:54,3.22,0.0,11,3542.0,买盘
10:34:58,3.21,-0.010000000000000231,45,14445.0,卖盘
10:35:05,3.22,0.010000000000000231,147,47334.0,买盘
10:35:08,3.22,0.0,9,2898.0,买盘
10:35:11,3.21,-0.010000000000000231,50,16050.0,卖盘
10:35:17,3.21,0.0,1,321.0,卖盘
10:35:20,3.21,0.0,10,3210.0,卖盘
10:35:24,3.21,0.0,1,321.0,卖盘
10:35:33,3.21,0.0,56,17982.0,卖盘
10:35:36,3.21,0.0,1,321.0,卖盘
10:35:39,3.22,0.010000000000000231,9,2898.0,买盘
10:35:45,3.22,0.0,12,3862.0,买盘
10:35:55,3.22,0.0,61,19642.0,买盘
10:35:58,3.22,0.0,5,1610.0,买盘
10:36:01,3.22,0.0,12,3864.0,买盘
10:36:05,3.22,0.0,80,25760.0,买盘
10:36:08,3.21,-0.010000000000000231,15,4824.0,卖盘
10:36:11,3.21,0.0,19,6108.0,卖盘
10:36:14,3.22,0.010000000000000231,26,8367.0,买盘
10:36:17,3.21,-0.010000000000000231,2,642.0,卖盘
10:36:20,3.21,0.0,35,11235.0,卖盘
10:36:30,3.22,0.010000000000000231,9,2898.0,买盘
10:36:36,3.21,-0.010000000000000231,1,321.0,卖盘
10:36:39,3.21,0.0,5,1605.0,卖盘
10:36:42,3.22,0.010000000000000231,9,2898.0,买盘
10:36:52,3.21,-0.010000000000000231,14,4494.0,卖盘
10:36:55,3.22,0.010000000000000231,13,4185.0,买盘
10:36:58,3.21,-0.010000000000000231,5,1605.0,卖盘
10:37:05,3.22,0.010000000000000231,138,44436.0,买盘
10:37:08,3.22,0.0,9,2898.0,买盘
10:37:14,3.21,-0.010000000000000231,70,22470.0,卖盘
10:37:17,3.21,0.0,25,8032.0,卖盘
10:37:21,3.21,0.0,13,4182.0,卖盘
10:37:24,3.21,0.0,44,14138.0,卖盘
10:37:27,3.22,0.010000000000000231,18,5784.0,买盘
10:37:30,3.21,-0.010000000000000231,19,6099.0,卖盘
10:37:33,3.21,0.0,33,10593.0,卖盘
10:37:36,3.21,0.0,132,42372.0,卖盘
10:37:39,3.22,0.010000000000000231,57,18350.0,买盘
10:37:42,3.21,-0.010000000000000231,1,321.0,卖盘
10:37:46,3.22,0.010000000000000231,50,16100.0,买盘
10:37:49,3.21,-0.010000000000000231,50,16050.0,卖盘
10:37:52,3.22,0.010000000000000231,910,293020.0,买盘
10:37:56,3.22,0.0,86,27642.0,买盘
10:37:59,3.22,0.0,1,322.0,买盘
10:38:02,3.21,-0.010000000000000231,97,31137.0,卖盘
10:38:05,3.22,0.010000000000000231,9,2897.0,买盘
10:38:08,3.22,0.0,2,644.0,买盘
10:38:11,3.22,0.0,9,2898.0,买盘
10:38:18,3.22,0.0,11,3540.0,买盘
10:38:21,3.21,-0.010000000000000231,124,39808.0,卖盘
10:38:24,3.21,0.0,31,9951.0,卖盘
10:38:27,3.22,0.010000000000000231,183,58747.0,买盘
10:38:30,3.22,0.0,588,189027.0,买盘
10:38:33,3.21,-0.010000000000000231,1,321.0,卖盘
10:38:36,3.22,0.010000000000000231,82,26404.0,买盘
10:38:43,3.22,0.0,8,2576.0,买盘
10:38:46,3.22,0.0,73,23468.0,买盘
10:38:50,3.21,-0.010000000000000231,16,5139.0,卖盘
10:38:53,3.21,0.0,51,16388.0,卖盘
10:38:56,3.21,0.0,10,3210.0,卖盘
10:38:59,3.22,0.010000000000000231,25,8050.0,买盘
10:39:05,3.22,0.0,250,80500.0,买盘
10:39:09,3.21,-0.010000000000000231,6,1926.0,卖盘
10:39:12,3.22,0.010000000000000231,12,3864.0,买盘
10:39:15,3.21,-0.010000000000000231,11,3535.0,卖盘
10:39:21,3.21,0.0,31,9951.0,卖盘
10:39:24,3.21,0.0,197,63237.0,卖盘
10:39:27,3.22,0.010000000000000231,120,38638.0,买盘
10:39:33,3.22,0.0,82,26332.0,买盘
10:39:37,3.22,0.0,1,322.0,买盘
10:39:40,3.21,-0.010000000000000231,109,35093.0,卖盘
10:39:43,3.22,0.010000000000000231,42,13484.0,买盘
10:39:47,3.22,0.0,65,20928.0,买盘
10:39:53,3.21,-0.010000000000000231,1,321.0,卖盘
10:39:59,3.21,0.0,1,321.0,卖盘
10:40:02,3.22,0.010000000000000231,93,29946.0,买盘
10:40:09,3.22,0.0,52,16739.0,买盘
10:40:12,3.22,0.0,2,644.0,买盘
10:40:15,3.22,0.0,28,9006.0,买盘
10:40:18,3.22,0.0,111,35742.0,买盘
10:40:21,3.22,0.0,309,99492.0,买盘
10:40:24,3.22,0.0,40,12880.0,买盘
10:40:27,3.21,-0.010000000000000231,332,106572.0,卖盘
10:40:31,3.22,0.010000000000000231,48,15456.0,买盘
10:40:34,3.21,-0.010000000000000231,2,643.0,卖盘
10:40:37,3.21,0.0,121,38861.0,卖盘
10:40:44,3.21,0.0,199,63879.0,卖盘
10:40:47,3.21,0.0,60,19260.0,卖盘
10:40:53,3.21,0.0,5,1605.0,卖盘
10:40:59,3.21,0.0,346,111166.0,卖盘
10:41:06,3.21,0.0,66,21186.0,卖盘
10:41:09,3.21,0.0,2,642.0,卖盘
10:41:12,3.21,0.0,25,8025.0,卖盘
10:41:15,3.21,0.0,138,44298.0,卖盘
10:41:18,3.21,0.0,14,4499.0,卖盘
10:41:24,3.22,0.010000000000000231,8,2576.0,买盘
10:41:28,3.21,-0.010000000000000231,25,8025.0,卖盘
10:41:31,3.22,0.010000000000000231,2,644.0,买盘
10:41:34,3.21,-0.010000000000000231,20,6430.0,卖盘
10:41:38,3.21,0.0,23,7383.0,卖盘
10:41:41,3.21,0.0,45,14445.0,卖盘
10:41:44,3.21,0.0,54,17334.0,卖盘
10:41:47,3.21,0.0,203,65248.0,卖盘
10:41:50,3.21,0.0,171,54891.0,卖盘
10:41:53,3.21,0.0,1080,346680.0,卖盘
10:41:57,3.21,0.0,1,321.0,买盘
10:42:00,3.21,0.0,14,4494.0,买盘
10:42:03,3.21,0.0,107,34347.0,买盘
10:42:06,3.21,0.0,1,321.0,买盘
10:42:09,3.21,0.0,123,39483.0,买盘
10:42:12,3.2,-0.009999999999999787,12,3842.0,卖盘
10:42:15,3.21,0.009999999999999787,6,1926.0,买盘
10:42:18,3.2,-0.009999999999999787,194,62088.0,卖盘
10:42:22,3.2,0.0,43,13760.0,卖盘
10:42:25,3.2,0.0,6,1920.0,卖盘
10:42:28,3.2,0.0,337,107840.0,卖盘
10:42:38,3.2,0.0,48,15360.0,卖盘
10:42:51,3.2,0.0,40,12800.0,卖盘
10:42:54,3.2,0.0,467,149440.0,卖盘
10:42:57,3.21,0.009999999999999787,40,12840.0,买盘
10:43:00,3.2,-0.009999999999999787,50,16000.0,卖盘
10:43:03,3.2,0.0,55,17600.0,卖盘
10:43:06,3.2,0.0,371,118802.0,卖盘
10:43:09,3.21,0.009999999999999787,1681,539511.0,买盘
10:43:12,3.21,0.0,404,129684.0,买盘
10:43:16,3.22,0.010000000000000231,1114,357826.0,买盘
10:43:19,3.22,0.0,13,4176.0,买盘
10:43:22,3.21,-0.010000000000000231,210,67410.0,卖盘
10:43:26,3.22,0.010000000000000231,4,1286.0,买盘
10:43:29,3.22,0.0,54,17354.0,买盘
10:43:35,3.21,-0.010000000000000231,3,963.0,卖盘
10:43:41,3.21,0.0,30,9630.0,卖盘
10:43:51,3.22,0.010000000000000231,291,93447.0,买盘
10:43:54,3.21,-0.010000000000000231,2,642.0,卖盘
10:44:00,3.21,0.0,151,48471.0,卖盘
10:44:03,3.21,0.0,9,2889.0,卖盘
10:44:06,3.21,0.0,35,11236.0,卖盘
10:44:10,3.22,0.010000000000000231,129,41412.0,买盘
10:44:13,3.22,0.0,5,1607.0,买盘
10:44:16,3.21,-0.010000000000000231,50,16050.0,卖盘
10:44:20,3.21,0.0,117,37560.0,卖盘
10:44:26,3.21,0.0,325,104329.0,卖盘
10:44:29,3.21,0.0,20,6420.0,卖盘
10:44:32,3.21,0.0,105,33706.0,卖盘
10:44:35,3.21,0.0,65,20865.0,卖盘
10:44:39,3.21,0.0,107,34424.0,卖盘
10:44:42,3.21,0.0,77,24717.0,卖盘
10:44:45,3.21,0.0,79,25359.0,卖盘
10:44:51,3.21,0.0,365,117165.0,卖盘
10:44:54,3.21,0.0,140,44940.0,卖盘
10:44:57,3.21,0.0,387,124224.0,卖盘
10:45:00,3.21,0.0,1,321.0,买盘
10:45:03,3.2,-0.009999999999999787,65,20826.0,卖盘
10:45:06,3.21,0.009999999999999787,15,4815.0,买盘
10:45:10,3.2,-0.009999999999999787,95,30423.0,卖盘
10:45:13,3.2,0.0,11,3520.0,卖盘
10:45:17,3.2,0.0,197,63157.0,卖盘
10:45:20,3.21,0.009999999999999787,103,33063.0,买盘
10:45:23,3.21,0.0,105,33703.0,买盘
10:45:26,3.21,0.0,126,40446.0,买盘
10:45:29,3.21,0.0,158,50701.0,买盘
10:45:32,3.21,0.0,91,29211.0,卖盘
10:45:36,3.21,0.0,163,52323.0,中性盘
10:45:39,3.2,-0.009999999999999787,365,117160.0,卖盘
10:45:42,3.21,0.009999999999999787,1,321.0,买盘
10:45:45,3.21,0.0,2,642.0,买盘
10:45:48,3.21,0.0,8,2568.0,买盘
10:45:51,3.21,0.0,809,259663.0,买盘
10:45:54,3.22,0.010000000000000231,2,644.0,买盘
10:45:57,3.22,0.0,5,1610.0,买盘
10:46:00,3.22,0.0,100,32200.0,买盘
10:46:04,3.21,-0.010000000000000231,126,40446.0,卖盘
10:46:10,3.23,0.020000000000000018,5927,1908601.0,买盘
10:46:13,3.23,0.0,385,124295.0,买盘
10:46:17,3.23,0.0,155,50065.0,买盘
10:46:20,3.23,0.0,362,116826.0,买盘
10:46:23,3.22,-0.009999999999999787,51,16432.0,卖盘
10:46:26,3.23,0.009999999999999787,486,156973.0,买盘
10:46:29,3.22,-0.009999999999999787,180,58082.0,卖盘
10:46:32,3.23,0.009999999999999787,16,5168.0,买盘
10:46:36,3.23,0.0,9,2907.0,买盘
10:46:39,3.23,0.0,33,10659.0,买盘
10:46:45,3.22,-0.009999999999999787,4,1288.0,卖盘
10:46:48,3.23,0.009999999999999787,11,3552.0,买盘
10:46:54,3.23,0.0,1,323.0,买盘
10:46:57,3.23,0.0,14,4514.0,买盘
10:47:04,3.22,-0.009999999999999787,62,20006.0,卖盘
10:47:10,3.22,0.0,15,4830.0,卖盘
10:47:14,3.23,0.009999999999999787,1,323.0,买盘
10:47:17,3.23,0.0,1,323.0,买盘
10:47:20,3.22,-0.009999999999999787,8,2576.0,卖盘
10:47:23,3.23,0.009999999999999787,14,4522.0,买盘
10:47:26,3.22,-0.009999999999999787,21,6763.0,卖盘
10:47:29,3.23,0.009999999999999787,8,2584.0,买盘
10:47:33,3.22,-0.009999999999999787,6,1932.0,卖盘
10:47:39,3.23,0.009999999999999787,3,969.0,买盘
10:47:42,3.23,0.0,108,34881.0,买盘
10:47:45,3.22,-0.009999999999999787,1,322.0,卖盘
10:47:48,3.23,0.009999999999999787,157,50709.0,买盘
10:47:51,3.23,0.0,116,37468.0,买盘
10:47:54,3.23,0.0,116,37468.0,买盘
10:47:57,3.22,-0.009999999999999787,316,102058.0,卖盘
10:48:01,3.23,0.009999999999999787,67,21600.0,买盘
10:48:04,3.23,0.0,168,54264.0,买盘
10:48:07,3.23,0.0,30,9690.0,买盘
10:48:14,3.23,0.0,25,8075.0,买盘
10:48:17,3.23,0.0,4,1292.0,买盘
10:48:20,3.22,-0.009999999999999787,36,11622.0,卖盘
10:48:23,3.23,0.009999999999999787,1,323.0,买盘
10:48:26,3.23,0.0,2,646.0,买盘
10:48:30,3.23,0.0,106,34227.0,买盘
10:48:33,3.23,0.0,94,30362.0,买盘
10:48:36,3.23,0.0,50,16150.0,买盘
10:48:39,3.22,-0.009999999999999787,21,6762.0,卖盘
10:48:42,3.22,0.0,21,6772.0,卖盘
10:48:48,3.22,0.0,116,37357.0,卖盘
10:48:54,3.23,0.009999999999999787,5,1615.0,买盘
10:48:58,3.23,0.0,9,2907.0,买盘
10:49:01,3.22,-0.009999999999999787,10,3220.0,卖盘
10:49:11,3.23,0.009999999999999787,15,4845.0,买盘
10:49:14,3.22,-0.009999999999999787,100,32200.0,卖盘
10:49:17,3.23,0.009999999999999787,47,15181.0,买盘
10:49:20,3.22,-0.009999999999999787,14,4508.0,卖盘
10:49:23,3.23,0.009999999999999787,100,32291.0,买盘
10:49:27,3.23,0.0,44,14206.0,买盘
10:49:30,3.23,0.0,83,26808.0,买盘
10:49:36,3.23,0.0,48,15494.0,买盘
10:49:39,3.23,0.0,3,969.0,买盘
10:49:42,3.23,0.0,239,77197.0,买盘
10:49:45,3.23,0.0,33,10639.0,买盘
10:49:48,3.23,0.0,7,2261.0,买盘
10:49:51,3.23,0.0,209,67507.0,买盘
10:49:58,3.23,0.0,164,52970.0,买盘
10:50:05,3.23,0.0,21,6783.0,买盘
10:50:08,3.23,0.0,42,13566.0,买盘
10:50:11,3.23,0.0,2,646.0,买盘
10:50:14,3.23,0.0,53,17118.0,买盘
10:50:17,3.22,-0.009999999999999787,160,51677.0,卖盘
10:50:20,3.23,0.009999999999999787,49,15827.0,买盘
10:50:23,3.23,0.0,2,646.0,买盘
10:50:27,3.23,0.0,4,1292.0,买盘
10:50:30,3.23,0.0,2,646.0,买盘
10:50:36,3.22,-0.009999999999999787,149,48096.0,卖盘
10:50:39,3.23,0.009999999999999787,7,2261.0,买盘
10:50:42,3.23,0.0,275,88824.0,买盘
10:50:45,3.22,-0.009999999999999787,61,19647.0,卖盘
10:50:48,3.22,0.0,30,9670.0,卖盘
10:50:51,3.23,0.009999999999999787,136,43928.0,买盘
10:50:55,3.23,0.0,315,101745.0,买盘
10:51:01,3.22,-0.009999999999999787,57,18409.0,卖盘
10:51:05,3.22,0.0,78,25173.0,卖盘
10:51:11,3.23,0.009999999999999787,1,323.0,买盘
10:51:14,3.22,-0.009999999999999787,44,14170.0,卖盘
10:51:17,3.22,0.0,7,2260.0,卖盘
10:51:20,3.23,0.009999999999999787,121,39083.0,买盘
10:51:24,3.22,-0.009999999999999787,6,1933.0,卖盘
10:51:27,3.23,0.009999999999999787,162,52326.0,买盘
10:51:33,3.22,-0.009999999999999787,142,45851.0,卖盘
10:51:36,3.23,0.009999999999999787,111,35853.0,买盘
10:51:39,3.23,0.0,1246,402458.0,买盘
10:51:42,3.22,-0.009999999999999787,205,66015.0,卖盘
10:51:45,3.23,0.009999999999999787,509,164397.0,买盘
10:51:48,3.23,0.0,671,216732.0,买盘
10:51:52,3.23,0.0,1474,476102.0,买盘
10:51:55,3.23,0.0,330,106590.0,买盘
10:51:58,3.23,0.0,612,197676.0,买盘
10:52:02,3.23,0.0,65,20995.0,卖盘
10:52:05,3.23,0.0,36,11628.0,卖盘
10:52:08,3.23,0.0,43,13889.0,卖盘
10:52:11,3.23,0.0,44,14225.0,卖盘
10:52:14,3.23,0.0,53,17119.0,卖盘
10:52:18,3.23,0.0,72,23256.0,卖盘
10:52:21,3.23,0.0,494,159562.0,卖盘
10:52:24,3.24,0.010000000000000231,3,970.0,买盘
10:52:27,3.24,0.0,14,4523.0,买盘
10:52:30,3.23,-0.010000000000000231,9,2907.0,卖盘
10:52:33,3.23,0.0,31,10024.0,卖盘
10:52:36,3.24,0.010000000000000231,4,1295.0,买盘
10:52:39,3.23,-0.010000000000000231,78,25194.0,卖盘
10:52:46,3.24,0.010000000000000231,10,3240.0,买盘
10:52:52,3.23,-0.010000000000000231,5,1615.0,卖盘
10:52:56,3.24,0.010000000000000231,2,648.0,买盘
10:52:59,3.24,0.0,1,324.0,买盘
10:53:02,3.23,-0.010000000000000231,25,8080.0,卖盘
10:53:08,3.24,0.010000000000000231,413,133799.0,买盘
10:53:11,3.23,-0.010000000000000231,1217,393110.0,卖盘
10:53:15,3.24,0.010000000000000231,30,9720.0,买盘
10:53:18,3.23,-0.010000000000000231,37,11951.0,卖盘
10:53:24,3.23,0.0,200,64600.0,卖盘
10:53:27,3.23,0.0,19,6137.0,卖盘
10:53:30,3.23,0.0,6,1938.0,卖盘
10:53:33,3.23,0.0,1,323.0,卖盘
10:53:40,3.23,0.0,16,5168.0,卖盘
10:53:43,3.23,0.0,37,11951.0,卖盘
10:53:46,3.23,0.0,62,20026.0,卖盘
10:53:50,3.23,0.0,130,42050.0,卖盘
10:53:53,3.23,0.0,65,21021.0,卖盘
10:53:56,3.23,0.0,142,45866.0,卖盘
10:53:59,3.23,0.0,114,36872.0,卖盘
10:54:02,3.23,0.0,223,72029.0,卖盘
10:54:05,3.23,0.0,138,44574.0,卖盘
10:54:09,3.23,0.0,12,3876.0,卖盘
10:54:12,3.23,0.0,103,33270.0,卖盘
10:54:15,3.23,0.0,12,3877.0,卖盘
10:54:18,3.23,0.0,41,13243.0,卖盘
10:54:21,3.23,0.0,114,36822.0,卖盘
10:54:24,3.24,0.010000000000000231,91,29458.0,买盘
10:54:30,3.24,0.0,10,3233.0,买盘
10:54:37,3.23,-0.010000000000000231,78,25198.0,卖盘
10:54:40,3.23,0.0,57,18448.0,卖盘
10:54:47,3.23,0.0,31,10013.0,卖盘
10:54:50,3.24,0.010000000000000231,164,53130.0,买盘
10:54:53,3.23,-0.010000000000000231,103,33370.0,卖盘
10:54:56,3.23,0.0,11,3553.0,卖盘
10:54:59,3.23,0.0,70,22610.0,卖盘
10:55:02,3.24,0.010000000000000231,40,12960.0,买盘
10:55:12,3.23,-0.010000000000000231,10,3230.0,卖盘
10:55:15,3.24,0.010000000000000231,124,40175.0,买盘
10:55:18,3.24,0.0,2047,663202.0,买盘
10:55:21,3.23,-0.010000000000000231,11,3553.0,卖盘
10:55:34,3.24,0.010000000000000231,2037,659987.0,买盘
10:55:37,3.24,0.0,1106,358344.0,买盘
10:55:41,3.24,0.0,181,58643.0,买盘
10:55:44,3.24,0.0,434,140526.0,买盘
10:55:47,3.24,0.0,338,109512.0,买盘
10:55:50,3.24,0.0,124,40176.0,买盘
10:55:53,3.23,-0.010000000000000231,29,9378.0,卖盘
10:55:56,3.23,0.0,10,3230.0,卖盘
10:56:00,3.24,0.010000000000000231,310,100437.0,买盘
10:56:03,3.24,0.0,1,324.0,买盘
10:56:06,3.24,0.0,192,62208.0,买盘
10:56:09,3.24,0.0,30,9720.0,卖盘
10:56:12,3.24,0.0,18,5832.0,卖盘
10:56:15,3.24,0.0,340,110217.0,卖盘
10:56:18,3.24,0.0,52,16848.0,卖盘
10:56:21,3.25,0.009999999999999787,58,18830.0,买盘
10:56:28,3.25,0.0,28,9100.0,买盘
10:56:31,3.25,0.0,69,22425.0,买盘
10:56:34,3.24,-0.009999999999999787,35,11340.0,卖盘
10:56:38,3.25,0.009999999999999787,2,650.0,买盘
10:56:41,3.25,0.0,38,12350.0,买盘
10:56:44,3.24,-0.009999999999999787,150,48725.0,卖盘
10:56:47,3.25,0.009999999999999787,16,5195.0,买盘
10:56:50,3.24,-0.009999999999999787,48,15585.0,卖盘
10:56:53,3.25,0.009999999999999787,129,41925.0,买盘
10:56:57,3.25,0.0,192,62380.0,买盘
10:57:00,3.25,0.0,331,107575.0,买盘
10:57:03,3.25,0.0,38,12350.0,买盘
10:57:06,3.24,-0.009999999999999787,133,43205.0,卖盘
10:57:09,3.24,0.0,4751,1539337.0,卖盘
10:57:12,3.24,0.0,548,177552.0,买盘
10:57:15,3.24,0.0,655,212153.0,买盘
10:57:18,3.24,0.0,62,20088.0,卖盘
10:57:22,3.24,0.0,68,22052.0,卖盘
10:57:25,3.24,0.0,75,24300.0,卖盘
10:57:28,3.24,0.0,152,49248.0,卖盘
10:57:32,3.24,0.0,84,27216.0,卖盘
10:57:35,3.24,0.0,266,86184.0,卖盘
10:57:38,3.24,0.0,222,71927.0,买盘
10:57:41,3.25,0.009999999999999787,508,164735.0,买盘
10:57:44,3.24,-0.009999999999999787,20,6480.0,中性盘
10:57:47,3.24,0.0,15,4860.0,买盘
10:57:51,3.24,0.0,31,10044.0,买盘
10:57:54,3.24,0.0,244,79055.0,卖盘
10:57:57,3.24,0.0,247,79788.0,买盘
10:58:00,3.24,0.0,5,1620.0,买盘
10:58:03,3.24,0.0,3209,1042703.0,买盘
10:58:06,3.24,0.0,404,130896.0,卖盘
10:58:09,3.24,0.0,289,93636.0,卖盘
10:58:12,3.24,0.0,89,28836.0,买盘
10:58:15,3.24,0.0,19,6172.0,卖盘
10:58:19,3.24,0.0,25,8100.0,卖盘
10:58:22,3.24,0.0,188,61089.0,卖盘
10:58:25,3.24,0.0,3,972.0,卖盘
10:58:29,3.25,0.009999999999999787,50,16250.0,买盘
10:58:32,3.24,-0.009999999999999787,43,13932.0,卖盘
10:58:35,3.24,0.0,1,324.0,卖盘
10:58:38,3.25,0.009999999999999787,315,102065.0,买盘
10:58:41,3.25,0.0,31,10045.0,买盘
10:58:47,3.25,0.0,32,10400.0,买盘
10:58:51,3.25,0.0,27,8768.0,买盘
10:58:54,3.25,0.0,375,121875.0,买盘
10:58:57,3.25,0.0,70,22750.0,买盘
10:59:00,3.25,0.0,764,248300.0,买盘
10:59:03,3.24,-0.009999999999999787,1,324.0,卖盘
10:59:06,3.25,0.009999999999999787,149,48375.0,买盘
10:59:09,3.24,-0.009999999999999787,50,16200.0,卖盘
10:59:12,3.25,0.009999999999999787,21,6823.0,买盘
10:59:15,3.24,-0.009999999999999787,25,8124.0,卖盘
10:59:22,3.24,0.0,63,20412.0,卖盘
10:59:25,3.25,0.009999999999999787,276,89699.0,买盘
10:59:29,3.24,-0.009999999999999787,106,34445.0,卖盘
10:59:32,3.25,0.009999999999999787,1251,405929.0,买盘
10:59:38,3.25,0.0,59,19171.0,买盘
10:59:44,3.25,0.0,35,11375.0,买盘
10:59:48,3.25,0.0,64,20800.0,买盘
10:59:51,3.24,-0.009999999999999787,160,51968.0,卖盘
10:59:54,3.24,0.0,14,4536.0,卖盘
10:59:57,3.25,0.009999999999999787,20,6492.0,买盘
11:00:00,3.25,0.0,9,2924.0,买盘
11:00:03,3.25,0.0,126,40950.0,买盘
11:00:06,3.25,0.0,32,10370.0,买盘
11:00:09,3.24,-0.009999999999999787,438,141923.0,卖盘
11:00:12,3.24,0.0,86,27864.0,卖盘
11:00:16,3.24,0.0,88,28516.0,卖盘
11:00:19,3.24,0.0,16,5184.0,卖盘
11:00:22,3.24,0.0,45,14580.0,卖盘
11:00:26,3.24,0.0,29,9396.0,卖盘
11:00:29,3.24,0.0,574,185976.0,卖盘
11:00:32,3.24,0.0,36,11664.0,买盘
11:00:35,3.24,0.0,245,79381.0,买盘
11:00:38,3.24,0.0,144,46670.0,卖盘
11:00:41,3.24,0.0,63,20412.0,卖盘
11:00:48,3.24,0.0,120,38880.0,卖盘
11:00:51,3.25,0.009999999999999787,650,211057.0,买盘
11:00:57,3.24,-0.009999999999999787,170,55080.0,卖盘
11:01:00,3.24,0.0,30,9724.0,卖盘
11:01:03,3.25,0.009999999999999787,124,40300.0,买盘
11:01:06,3.24,-0.009999999999999787,215,69855.0,卖盘
11:01:09,3.24,0.0,218,70849.0,卖盘
11:01:13,3.24,0.0,134,43548.0,卖盘
11:01:16,3.24,0.0,508,165097.0,卖盘
11:01:20,3.24,0.0,1770,575237.0,卖盘
11:01:23,3.25,0.009999999999999787,140,45498.0,买盘
11:01:26,3.25,0.0,44,14280.0,买盘
11:01:29,3.24,-0.009999999999999787,32,10368.0,卖盘
11:01:35,3.24,0.0,55,17820.0,卖盘
11:01:39,3.24,0.0,776,252125.0,卖盘
11:01:42,3.25,0.009999999999999787,18,5845.0,买盘
11:01:45,3.24,-0.009999999999999787,91,29505.0,卖盘
11:01:48,3.24,0.0,1,324.0,卖盘
11:01:54,3.25,0.009999999999999787,36,11700.0,买盘
11:02:03,3.24,-0.009999999999999787,30,9720.0,卖盘
11:02:07,3.25,0.009999999999999787,402,130550.0,买盘
11:02:10,3.24,-0.009999999999999787,212,68890.0,卖盘
11:02:13,3.25,0.009999999999999787,123,39975.0,买盘
11:02:17,3.25,0.0,15,4873.0,买盘
11:02:20,3.24,-0.009999999999999787,42,13608.0,卖盘
11:02:23,3.25,0.009999999999999787,1017,330490.0,买盘
11:02:26,3.24,-0.009999999999999787,18,5834.0,卖盘
11:02:29,3.24,0.0,44,14290.0,卖盘
11:02:33,3.25,0.009999999999999787,21,6825.0,买盘
11:02:36,3.24,-0.009999999999999787,12,3888.0,卖盘
11:02:39,3.25,0.009999999999999787,31,10074.0,买盘
11:02:42,3.24,-0.009999999999999787,60,19440.0,卖盘
11:02:45,3.25,0.009999999999999787,3,975.0,买盘
11:02:48,3.24,-0.009999999999999787,68,22064.0,卖盘
11:03:07,3.25,0.009999999999999787,46,14950.0,买盘
11:03:11,3.25,0.0,86,27941.0,买盘
11:03:14,3.25,0.0,61,19815.0,买盘
11:03:17,3.24,-0.009999999999999787,22,7149.0,卖盘
11:03:20,3.24,0.0,11,3564.0,卖盘
11:03:33,3.24,0.0,7,2274.0,卖盘
11:03:36,3.24,0.0,31,10044.0,卖盘
11:03:39,3.24,0.0,9,2918.0,卖盘
11:03:42,3.24,0.0,91,29490.0,卖盘
11:03:45,3.24,0.0,65,21060.0,卖盘
11:03:48,3.25,0.009999999999999787,27,8760.0,买盘
11:03:51,3.24,-0.009999999999999787,115,37280.0,卖盘
11:03:55,3.24,0.0,3,972.0,卖盘
11:04:01,3.24,0.0,90,29192.0,卖盘
11:04:05,3.25,0.009999999999999787,43,13966.0,买盘
11:04:08,3.24,-0.009999999999999787,30,9730.0,卖盘
11:04:11,3.25,0.009999999999999787,1,325.0,买盘
11:04:17,3.25,0.0,48,15600.0,买盘
11:04:20,3.24,-0.009999999999999787,2,648.0,卖盘
11:04:24,3.25,0.009999999999999787,17,5525.0,买盘
11:04:30,3.25,0.0,5,1625.0,买盘
11:04:33,3.25,0.0,13,4225.0,买盘
11:04:36,3.24,-0.009999999999999787,2,648.0,卖盘
11:04:39,3.25,0.009999999999999787,58,18850.0,买盘
11:04:45,3.24,-0.009999999999999787,15,4860.0,卖盘
11:04:48,3.24,0.0,10,3241.0,卖盘
11:04:52,3.25,0.009999999999999787,11,3575.0,买盘
11:04:58,3.24,-0.009999999999999787,161,52194.0,卖盘
11:05:11,3.24,-0.009999999999999787,19,6159.0,卖盘
11:05:14,3.25,0.009999999999999787,186,60450.0,买盘
11:05:17,3.25,0.0,1214,394549.0,买盘
11:05:21,3.24,-0.009999999999999787,47,15253.0,卖盘
11:05:24,3.25,0.009999999999999787,4,1300.0,买盘
11:05:27,3.24,-0.009999999999999787,2198,714341.0,卖盘
11:05:30,3.25,0.009999999999999787,80,26183.5,买盘
11:05:33,3.25,0.0,317,103025.0,卖盘
11:05:36,3.25,0.0,42,13653.0,卖盘
11:05:39,3.25,0.0,2,650.0,卖盘
11:05:42,3.26,0.009999999999999787,15,4878.0,买盘
11:05:46,3.25,-0.009999999999999787,13,4225.0,卖盘
11:05:49,3.26,0.009999999999999787,51,16626.0,买盘
11:05:52,3.26,0.0,232,75402.0,买盘
11:05:55,3.26,0.0,1529,498454.0,买盘
11:05:59,3.26,0.0,32,10407.0,买盘
11:06:02,3.26,0.0,39,12699.0,买盘
11:06:08,3.26,0.0,65,21190.0,买盘
11:06:11,3.26,0.0,1477,480967.0,买盘
11:06:14,3.26,0.0,128,41628.0,买盘
11:06:18,3.25,-0.009999999999999787,24,7812.0,卖盘
11:06:21,3.26,0.009999999999999787,77,25100.0,买盘
11:06:27,3.26,0.0,1073,349788.0,买盘
11:06:30,3.26,0.0,286,93136.0,买盘
11:06:33,3.26,0.0,45,14670.0,买盘
11:06:36,3.26,0.0,2,652.0,买盘
11:06:39,3.26,0.0,40,13040.0,买盘
11:06:42,3.26,0.0,1,326.0,买盘
11:06:46,3.26,0.0,40,13040.0,买盘
11:06:49,3.26,0.0,29,9449.0,买盘
11:06:52,3.25,-0.009999999999999787,13,4227.0,卖盘
11:06:56,3.26,0.009999999999999787,102,33152.0,买盘
11:06:59,3.26,0.0,120,39100.0,买盘
11:07:02,3.26,0.0,20,6520.0,买盘
11:07:05,3.26,0.0,8,2608.0,买盘
11:07:08,3.26,0.0,200,65200.0,买盘
11:07:11,3.26,0.0,3,978.0,买盘
11:07:15,3.26,0.0,1354,441384.0,买盘
11:07:18,3.25,-0.009999999999999787,41,13365.0,卖盘
11:07:21,3.26,0.009999999999999787,155,50530.0,买盘
11:07:24,3.26,0.0,145,47252.0,买盘
11:07:27,3.26,0.0,342,111492.0,买盘
11:07:30,3.26,0.0,265,86390.0,买盘
11:07:33,3.25,-0.009999999999999787,171,55686.0,卖盘
11:07:36,3.26,0.009999999999999787,95,30937.0,买盘
11:07:39,3.26,0.0,7,2282.0,买盘
11:07:43,3.26,0.0,127,41399.0,买盘
11:07:46,3.26,0.0,266,86715.0,买盘
11:07:52,3.26,0.0,325,105929.0,买盘
11:07:56,3.26,0.0,126,41076.0,买盘
11:07:59,3.27,0.010000000000000231,95,30973.0,买盘
11:08:02,3.26,-0.010000000000000231,308,100406.0,卖盘
11:08:05,3.26,0.0,159,51834.0,买盘
11:08:08,3.26,0.0,194,63244.0,买盘
11:08:11,3.26,0.0,2,652.0,买盘
11:08:15,3.26,0.0,16,5216.0,买盘
11:08:18,3.25,-0.009999999999999787,94,30642.0,卖盘
11:08:21,3.26,0.009999999999999787,30,9780.0,买盘
11:08:27,3.26,0.0,46,14996.0,买盘
11:08:30,3.26,0.0,86,28025.0,买盘
11:08:33,3.25,-0.009999999999999787,149,48436.0,卖盘
11:08:36,3.26,0.009999999999999787,4,1302.0,买盘
11:08:39,3.26,0.0,1,326.0,买盘
11:08:43,3.26,0.0,4,1304.0,买盘
11:08:46,3.26,0.0,66,21466.0,买盘
11:08:49,3.26,0.0,152,49552.0,买盘
11:08:53,3.26,0.0,36,11736.0,买盘
11:08:56,3.26,0.0,24,7824.0,买盘
11:08:59,3.26,0.0,8,2606.0,买盘
11:09:02,3.26,0.0,3,978.0,买盘
11:09:05,3.25,-0.009999999999999787,117,38090.0,卖盘
11:09:08,3.26,0.009999999999999787,25,8150.0,买盘
11:09:12,3.26,0.0,23,7498.0,买盘
11:09:15,3.25,-0.009999999999999787,94,30583.0,卖盘
11:09:18,3.25,0.0,2,650.0,卖盘
11:09:21,3.26,0.009999999999999787,4,1304.0,买盘
11:09:24,3.25,-0.009999999999999787,19,6175.0,卖盘
11:09:27,3.26,0.009999999999999787,8,2603.0,买盘
11:09:30,3.26,0.0,67,21841.0,买盘
11:09:33,3.26,0.0,169,55084.0,买盘
11:09:37,3.26,0.0,227,73777.0,买盘
11:09:40,3.26,0.0,15,4890.0,买盘
11:09:43,3.26,0.0,176,57376.0,买盘
11:09:47,3.26,0.0,3,978.0,买盘
11:09:50,3.26,0.0,30,9780.0,买盘
11:09:53,3.25,-0.009999999999999787,11,3575.0,卖盘
11:09:56,3.26,0.009999999999999787,349,113774.0,买盘
11:09:59,3.26,0.0,75,24450.0,买盘
11:10:02,3.25,-0.009999999999999787,10,3250.0,卖盘
11:10:06,3.26,0.009999999999999787,8,2606.0,买盘
11:10:09,3.26,0.0,1,326.0,买盘
11:10:12,3.26,0.0,253,82478.0,买盘
11:10:15,3.26,0.0,3,978.0,买盘
11:10:18,3.25,-0.009999999999999787,7,2280.0,卖盘
11:10:21,3.26,0.009999999999999787,412,134301.0,买盘
11:10:27,3.25,-0.009999999999999787,3,975.0,卖盘
11:10:31,3.25,0.0,8,2603.0,卖盘
11:10:34,3.26,0.009999999999999787,136,44336.0,买盘
11:10:37,3.25,-0.009999999999999787,13,4236.0,卖盘
11:10:40,3.26,0.009999999999999787,16,5215.0,买盘
11:10:44,3.26,0.0,15,4890.0,买盘
11:10:47,3.26,0.0,46,14996.0,买盘
11:10:50,3.26,0.0,11,3578.0,买盘
11:10:53,3.25,-0.009999999999999787,496,161200.0,卖盘
11:10:56,3.25,0.0,9,2925.0,卖盘
11:10:59,3.26,0.009999999999999787,14,4553.0,买盘
11:11:03,3.25,-0.009999999999999787,162,52690.0,卖盘
11:11:06,3.25,0.0,21,6825.0,卖盘
11:11:09,3.26,0.009999999999999787,62,20212.0,买盘
11:11:12,3.25,-0.009999999999999787,20,6500.0,卖盘
11:11:15,3.26,0.009999999999999787,32,10432.0,买盘
11:11:18,3.25,-0.009999999999999787,12,3903.0,卖盘
11:11:21,3.25,0.0,7,2275.0,卖盘
11:11:25,3.26,0.009999999999999787,6,1953.0,买盘
11:11:28,3.26,0.0,3,978.0,买盘
11:11:31,3.26,0.0,243,79217.0,买盘
11:11:34,3.26,0.0,63,20527.0,买盘
11:11:38,3.26,0.0,20,6520.0,买盘
11:11:44,3.26,0.0,37,12062.0,买盘
11:11:47,3.25,-0.009999999999999787,10,3250.0,卖盘
11:11:53,3.26,0.009999999999999787,5,1627.0,买盘
11:11:57,3.26,0.0,3,978.0,买盘
11:12:00,3.25,-0.009999999999999787,12,3906.0,卖盘
11:12:03,3.26,0.009999999999999787,44,14303.0,买盘
11:12:09,3.26,0.0,126,40953.0,买盘
11:12:15,3.25,-0.009999999999999787,275,89379.0,卖盘
11:12:18,3.26,0.009999999999999787,14,4552.0,买盘
11:12:28,3.25,-0.009999999999999787,18,5863.0,卖盘
11:12:32,3.25,0.0,122,39650.0,卖盘
11:12:35,3.25,0.0,36,11700.0,卖盘
11:12:38,3.26,0.009999999999999787,48,15611.0,买盘
11:12:41,3.25,-0.009999999999999787,1,325.0,卖盘
11:12:44,3.25,0.0,85,27625.0,卖盘
11:12:47,3.26,0.009999999999999787,18,5857.0,买盘
11:12:54,3.25,-0.009999999999999787,5,1625.0,卖盘
11:12:57,3.26,0.009999999999999787,199,64678.0,买盘
11:13:00,3.25,-0.009999999999999787,1101,357828.0,卖盘
11:13:03,3.25,0.0,1549,503433.0,卖盘
11:13:06,3.25,0.0,28,9096.0,买盘
11:13:09,3.25,0.0,57,18525.0,买盘
11:13:12,3.25,0.0,102,33150.0,买盘
11:13:16,3.25,0.0,149,48425.0,买盘
11:13:19,3.25,0.0,75,24375.0,卖盘
11:13:22,3.25,0.0,4,1300.0,买盘
11:13:25,3.25,0.0,42,13650.0,买盘
11:13:32,3.25,0.0,133,43225.0,买盘
11:13:35,3.24,-0.009999999999999787,15,4862.0,卖盘
11:13:38,3.24,0.0,178,57821.0,卖盘
11:13:41,3.25,0.009999999999999787,38,12336.0,买盘
11:13:44,3.24,-0.009999999999999787,2,648.0,卖盘
11:13:51,3.25,0.009999999999999787,8,2600.0,买盘
11:13:54,3.25,0.0,35,11375.0,买盘
11:13:57,3.24,-0.009999999999999787,31,10045.0,卖盘
11:14:00,3.25,0.009999999999999787,1,325.0,买盘
11:14:03,3.24,-0.009999999999999787,151,48944.0,卖盘
11:14:06,3.24,0.0,30,9720.0,卖盘
11:14:09,3.24,0.0,39,12644.0,卖盘
11:14:13,3.25,0.009999999999999787,31,10045.0,买盘
11:14:16,3.24,-0.009999999999999787,7,2269.0,卖盘
11:14:35,3.24,0.0,62,20089.0,卖盘
11:14:38,3.24,0.0,20,6480.0,卖盘
11:14:42,3.24,0.0,10,3240.0,卖盘
11:14:51,3.25,0.009999999999999787,121,39325.0,买盘
11:14:54,3.24,-0.009999999999999787,113,36614.0,卖盘
11:14:57,3.24,0.0,15,4860.0,卖盘
11:15:00,3.24,0.0,70,22680.0,卖盘
11:15:03,3.24,0.0,12,3889.0,卖盘
11:15:06,3.24,0.0,262,84888.0,卖盘
11:15:10,3.25,0.009999999999999787,40,13000.0,买盘
11:15:13,3.24,-0.009999999999999787,82,26580.0,卖盘
11:15:16,3.24,0.0,103,33423.0,卖盘
11:15:20,3.25,0.009999999999999787,2,650.0,买盘
11:15:23,3.25,0.0,1,325.0,买盘
11:15:29,3.25,0.0,3,975.0,买盘
11:15:32,3.24,-0.009999999999999787,32,10368.0,卖盘
11:15:35,3.24,0.0,21,6804.0,卖盘
11:15:39,3.25,0.009999999999999787,32,10370.0,买盘
11:15:42,3.25,0.0,5,1625.0,买盘
11:15:45,3.24,-0.009999999999999787,126,40824.0,卖盘
11:15:48,3.25,0.009999999999999787,3,975.0,买盘
11:15:51,3.25,0.0,20,6500.0,买盘
11:15:54,3.25,0.0,10,3250.0,买盘
11:15:57,3.24,-0.009999999999999787,163,52922.0,卖盘
11:16:03,3.25,0.009999999999999787,63,20414.0,买盘
11:16:10,3.24,-0.009999999999999787,2,648.0,卖盘
11:16:14,3.25,0.009999999999999787,3,975.0,买盘
11:16:17,3.24,-0.009999999999999787,58,18847.0,卖盘
11:16:23,3.24,0.0,14,4545.0,卖盘
11:16:26,3.24,0.0,13,4214.0,卖盘
11:16:29,3.24,0.0,596,193435.0,卖盘
11:16:32,3.25,0.009999999999999787,15,4865.0,买盘
11:16:36,3.24,-0.009999999999999787,56,18144.0,卖盘
11:16:39,3.24,0.0,1,324.0,卖盘
11:16:42,3.25,0.009999999999999787,3,975.0,买盘
11:16:45,3.25,0.0,1,325.0,买盘
11:16:48,3.24,-0.009999999999999787,40,12960.0,卖盘
11:16:51,3.24,0.0,31,10065.0,卖盘
11:16:54,3.24,0.0,20,6480.0,卖盘
11:16:58,3.25,0.009999999999999787,19,6159.0,买盘
11:17:04,3.24,0.0,20,6480.0,卖盘
11:17:07,3.25,0.009999999999999787,502,162650.0,买盘
11:17:11,3.24,-0.009999999999999787,47,15270.0,卖盘
11:17:14,3.25,0.009999999999999787,7,2275.0,买盘
11:17:17,3.24,-0.009999999999999787,5,1623.0,卖盘
11:17:23,3.24,0.0,4,1296.0,卖盘
11:17:27,3.25,0.009999999999999787,3,975.0,买盘
11:17:30,3.25,0.0,64,20800.0,买盘
11:17:33,3.25,0.0,18,5840.0,买盘
11:17:36,3.24,-0.009999999999999787,23,7454.0,卖盘
11:17:39,3.24,0.0,6,1944.0,卖盘
11:17:42,3.25,0.009999999999999787,64,20788.0,买盘
11:17:51,3.25,0.0,141,45687.0,买盘
11:17:55,3.25,0.0,17,5520.0,买盘
11:17:58,3.24,-0.009999999999999787,23,7464.0,卖盘
11:18:01,3.25,0.009999999999999787,9,2925.0,买盘
11:18:04,3.25,0.0,1,325.0,买盘
11:18:08,3.25,0.0,2,650.0,买盘
11:18:11,3.25,0.0,3,975.0,买盘
11:18:14,3.24,-0.009999999999999787,33,10692.0,卖盘
11:18:17,3.24,0.0,3,972.0,卖盘
11:18:20,3.25,0.009999999999999787,2,650.0,买盘
11:18:24,3.24,-0.009999999999999787,62,20088.0,卖盘
11:18:27,3.25,0.009999999999999787,1,325.0,买盘
11:18:30,3.25,0.0,13,4215.0,买盘
11:18:33,3.24,-0.009999999999999787,4,1296.0,卖盘
11:18:36,3.24,0.0,1,324.0,卖盘
11:18:39,3.25,0.009999999999999787,33,10725.0,买盘
11:18:42,3.25,0.0,5,1625.0,买盘
11:18:45,3.25,0.0,2,650.0,买盘
11:18:55,3.25,0.0,27,8755.0,买盘
11:18:58,3.24,-0.009999999999999787,220,71280.0,卖盘
11:19:01,3.25,0.009999999999999787,19,6165.0,买盘
11:19:05,3.25,0.0,6,1950.0,买盘
11:19:08,3.25,0.0,8,2600.0,买盘
11:19:11,3.25,0.0,7,2275.0,买盘
11:19:14,3.25,0.0,8,2600.0,买盘
11:19:17,3.24,-0.009999999999999787,43,13932.0,卖盘
11:19:24,3.24,0.0,91,29539.0,卖盘
11:19:30,3.25,0.009999999999999787,19,6165.0,买盘
11:19:33,3.24,-0.009999999999999787,30,9720.0,卖盘
11:19:36,3.25,0.009999999999999787,61,19824.0,买盘
11:19:39,3.25,0.0,79,25606.0,买盘
11:19:42,3.25,0.0,1,325.0,买盘
11:19:49,3.24,-0.009999999999999787,141,45684.0,卖盘
11:19:52,3.25,0.009999999999999787,25,8111.0,买盘
11:19:55,3.24,-0.009999999999999787,15,4860.0,卖盘
11:19:58,3.24,0.0,15,4860.0,卖盘
11:20:05,3.24,0.0,4,1296.0,卖盘
11:20:08,3.25,0.009999999999999787,20,6500.0,买盘
11:20:11,3.25,0.0,7,2275.0,买盘
11:20:14,3.25,0.0,227,73631.0,买盘
11:20:18,3.24,-0.009999999999999787,23,7473.0,卖盘
11:20:21,3.25,0.009999999999999787,21,6825.0,买盘
11:20:24,3.25,0.0,13,4222.0,买盘
11:20:27,3.25,0.0,811,263561.0,买盘
11:20:30,3.25,0.0,87,28273.0,买盘
11:20:33,3.24,-0.009999999999999787,22,7147.0,卖盘
11:20:36,3.24,0.0,1,324.0,卖盘
11:20:39,3.25,0.009999999999999787,174,56546.0,买盘
11:20:42,3.24,-0.009999999999999787,4,1299.0,卖盘
11:20:45,3.25,0.009999999999999787,2,650.0,买盘
11:20:49,3.24,-0.009999999999999787,16,5194.0,卖盘
11:20:52,3.25,0.009999999999999787,4,1299.0,买盘
11:20:56,3.25,0.0,510,165740.0,买盘
11:20:59,3.24,-0.009999999999999787,10,3240.0,卖盘
11:21:02,3.25,0.009999999999999787,1608,522600.0,买盘
11:21:05,3.25,0.0,181,58815.0,买盘
11:21:08,3.25,0.0,98,31850.0,买盘
11:21:11,3.25,0.0,33,10725.0,买盘
11:21:14,3.25,0.0,27,8775.0,买盘
11:21:18,3.24,-0.009999999999999787,34,11049.0,卖盘
11:21:21,3.25,0.009999999999999787,2,650.0,买盘
11:21:24,3.24,-0.009999999999999787,21,6814.0,卖盘
11:21:27,3.25,0.009999999999999787,105,34050.0,买盘
11:21:30,3.25,0.0,11,3574.0,买盘
11:21:33,3.24,-0.009999999999999787,112,36350.0,卖盘
11:21:36,3.25,0.009999999999999787,18,5850.0,买盘
11:21:39,3.25,0.0,100,32500.0,买盘
11:21:43,3.25,0.0,108,35100.0,买盘
11:21:46,3.25,0.0,5,1625.0,买盘
11:21:49,3.24,-0.009999999999999787,14,4536.0,卖盘
11:21:52,3.24,0.0,21,6815.0,卖盘
11:21:56,3.25,0.009999999999999787,3,975.0,买盘
11:21:59,3.25,0.0,224,72800.0,买盘
11:22:05,3.25,0.0,66,21450.0,买盘
11:22:15,3.25,0.0,20,6498.0,买盘
11:22:24,3.25,0.0,42,13640.0,买盘
11:22:27,3.24,-0.009999999999999787,5,1620.0,卖盘
11:22:30,3.25,0.009999999999999787,18,5850.0,买盘
11:22:40,3.25,0.0,18,5835.0,买盘
11:22:49,3.25,0.0,2,650.0,买盘
11:22:56,3.24,-0.009999999999999787,20,6480.0,卖盘
11:22:59,3.25,0.009999999999999787,62,20092.0,买盘
11:23:08,3.25,0.009999999999999787,3,975.0,买盘
11:23:12,3.25,0.0,301,97825.0,买盘
11:23:15,3.25,0.0,1,325.0,买盘
11:23:18,3.24,-0.009999999999999787,204,66100.0,卖盘
11:23:21,3.25,0.009999999999999787,3,975.0,买盘
11:23:24,3.25,0.0,87,28275.0,买盘
11:23:27,3.25,0.0,20,6500.0,买盘
11:23:30,3.25,0.0,8,2600.0,买盘
11:23:33,3.25,0.0,3,975.0,买盘
11:23:37,3.25,0.0,12,3889.0,买盘
11:23:40,3.24,-0.009999999999999787,4,1296.0,卖盘
11:23:43,3.25,0.009999999999999787,3,975.0,买盘
11:23:50,3.24,-0.009999999999999787,10,3240.0,卖盘
11:23:53,3.25,0.009999999999999787,3,975.0,买盘
11:23:59,3.25,0.0,22,7150.0,买盘
11:24:02,3.25,0.0,34,11050.0,买盘
11:24:12,3.25,0.0,21,6815.0,买盘
11:24:18,3.24,-0.009999999999999787,40,12960.0,卖盘
11:24:21,3.25,0.009999999999999787,3,975.0,买盘
11:24:27,3.25,0.0,7,2275.0,买盘
11:24:31,3.25,0.0,24,7800.0,买盘
11:24:34,3.25,0.0,240,78000.0,买盘
11:24:37,3.25,0.0,118,38350.0,买盘
11:24:44,3.25,0.0,3,973.0,买盘
11:24:47,3.24,-0.009999999999999787,4,1299.0,卖盘
11:24:50,3.25,0.009999999999999787,141,45824.0,买盘
11:24:56,3.25,0.0,3,975.0,买盘
11:25:06,3.25,0.0,3,975.0,买盘
11:25:12,3.25,0.0,19,6175.0,买盘
11:25:15,3.25,0.0,293,95225.0,买盘
11:25:18,3.25,0.0,3485,1132602.0,买盘
11:25:21,3.25,0.0,135,43875.0,买盘
11:25:24,3.25,0.0,78,25340.0,买盘
11:25:28,3.25,0.0,66,21450.0,买盘
11:25:31,3.25,0.0,43,13975.0,买盘
11:25:34,3.25,0.0,20,6500.0,买盘
11:25:38,3.25,0.0,175,56875.0,买盘
11:25:41,3.26,0.009999999999999787,50,16290.0,买盘
11:25:44,3.25,-0.009999999999999787,30,9750.0,卖盘
11:25:47,3.26,0.009999999999999787,22,7152.0,买盘
11:25:50,3.25,-0.009999999999999787,112,36412.0,卖盘
11:25:53,3.25,0.0,20,6500.0,卖盘
11:25:57,3.25,0.0,50,16250.0,卖盘
11:26:00,3.26,0.009999999999999787,3,978.0,买盘
11:26:03,3.25,-0.009999999999999787,46,14950.0,卖盘
11:26:06,3.25,0.0,6,1950.0,卖盘
11:26:09,3.26,0.009999999999999787,54,17604.0,买盘
11:26:12,3.25,-0.009999999999999787,2,650.0,卖盘
11:26:15,3.26,0.009999999999999787,8,2608.0,买盘
11:26:18,3.26,0.0,2,652.0,买盘
11:26:21,3.25,-0.009999999999999787,40,13000.0,卖盘
11:26:25,3.26,0.009999999999999787,47,15282.0,买盘
11:26:28,3.26,0.0,59,19184.0,买盘
11:26:35,3.26,0.0,2003,652978.0,买盘
11:26:38,3.26,0.0,40,13040.0,买盘
11:26:41,3.26,0.0,24,7824.0,买盘
11:26:44,3.26,0.0,59,19234.0,买盘
11:26:47,3.26,0.0,14,4564.0,买盘
11:26:50,3.26,0.0,1,326.0,买盘
11:26:54,3.26,0.0,3,978.0,买盘
11:26:57,3.25,-0.009999999999999787,3,975.0,卖盘
11:27:00,3.26,0.009999999999999787,3,978.0,买盘
11:27:03,3.25,-0.009999999999999787,577,188045.0,卖盘
11:27:06,3.25,0.0,4,1300.0,卖盘
11:27:09,3.26,0.009999999999999787,53,17260.0,买盘
11:27:15,3.25,-0.009999999999999787,120,39000.0,卖盘
11:27:18,3.26,0.009999999999999787,4,1304.0,买盘
11:27:22,3.25,-0.009999999999999787,5,1625.0,卖盘
11:27:25,3.26,0.009999999999999787,18,5868.0,买盘
11:27:28,3.26,0.0,35,11395.0,买盘
11:27:32,3.26,0.0,51,16586.0,买盘
11:27:38,3.26,0.0,3,978.0,买盘
11:27:41,3.25,-0.009999999999999787,50,16250.0,卖盘
11:27:47,3.26,0.009999999999999787,3,978.0,买盘
11:27:54,3.26,0.0,4,1304.0,买盘
11:27:57,3.26,0.0,170,55398.0,买盘
11:28:00,3.26,0.0,10,3260.0,买盘
11:28:03,3.26,0.0,68,22168.0,买盘
11:28:06,3.26,0.0,38,12374.0,买盘
11:28:09,3.26,0.0,18,5868.0,买盘
11:28:12,3.26,0.0,83,27058.0,买盘
11:28:15,3.26,0.0,18,5868.0,买盘
11:28:18,3.26,0.0,40,13040.0,买盘
11:28:22,3.26,0.0,25,8138.0,买盘
11:28:25,3.26,0.0,7,2282.0,买盘
11:28:29,3.26,0.0,77,25099.0,买盘
11:28:32,3.26,0.0,13,4238.0,买盘
11:28:35,3.26,0.0,116,37701.0,买盘
11:28:41,3.26,0.0,13,4238.0,买盘
11:28:48,3.26,0.0,2,652.0,买盘
11:28:51,3.26,0.0,130,42380.0,买盘
11:29:00,3.26,0.0,3,978.0,买盘
11:29:03,3.25,-0.009999999999999787,24,7806.0,卖盘
11:29:06,3.26,0.009999999999999787,71,23089.0,买盘
11:29:09,3.26,0.0,3,978.0,买盘
11:29:12,3.26,0.0,45,14662.0,买盘
11:29:16,3.26,0.0,19,6178.0,买盘
11:29:19,3.25,-0.009999999999999787,30,9770.0,卖盘
11:29:22,3.26,0.009999999999999787,28,9128.0,买盘
11:29:25,3.26,0.0,217,70528.0,买盘
11:29:29,3.26,0.0,11,3586.0,买盘
11:29:35,3.26,0.0,10,3260.0,买盘
11:29:38,3.26,0.0,20,6520.0,买盘
11:29:41,3.25,-0.009999999999999787,124,40300.0,卖盘
11:29:44,3.26,0.009999999999999787,3,978.0,买盘
11:29:48,3.25,-0.009999999999999787,25,8130.0,卖盘
11:29:51,3.25,0.0,500,162500.0,卖盘
11:29:54,3.26,0.009999999999999787,26,8476.0,买盘
11:29:57,3.25,-0.009999999999999787,65,21125.0,卖盘
11:30:00,3.25,0.0,110,35750.0,卖盘
11:30:03,3.25,0.0,76,24775.0,卖盘
13:00:02,3.25,0.0,60,19510.0,卖盘
13:00:05,3.25,0.0,1877,610720.0,卖盘
13:00:08,3.25,0.0,213,69376.0,卖盘
13:00:11,3.26,0.009999999999999787,40,13020.0,买盘
13:00:14,3.26,0.0,146,47596.0,买盘
13:00:18,3.25,-0.009999999999999787,265,86375.0,卖盘
13:00:21,3.26,0.009999999999999787,1297,422786.0,买盘
13:00:24,3.25,-0.009999999999999787,212,69062.0,卖盘
13:00:27,3.26,0.009999999999999787,432,140832.0,买盘
13:00:30,3.26,0.0,250,81500.0,卖盘
13:00:33,3.26,0.0,294,95844.0,卖盘
13:00:36,3.26,0.0,28,9128.0,卖盘
13:00:39,3.26,0.0,15,4890.0,卖盘
13:00:42,3.26,0.0,5,1630.0,卖盘
13:00:46,3.26,0.0,60,19560.0,卖盘
13:00:52,3.26,0.0,14,4564.0,卖盘
13:00:56,3.26,0.0,66,21516.0,卖盘
13:00:59,3.26,0.0,11,3587.0,卖盘
13:01:02,3.26,0.0,76,24776.0,卖盘
13:01:05,3.26,0.0,5,1630.0,买盘
13:01:08,3.27,0.010000000000000231,127,41413.0,买盘
13:01:15,3.27,0.0,32,10462.0,买盘
13:01:18,3.26,-0.010000000000000231,16,5216.0,卖盘
13:01:21,3.26,0.0,49,15974.0,卖盘
13:01:27,3.27,0.010000000000000231,14,4578.0,买盘
13:01:30,3.27,0.0,2,653.0,买盘
13:01:33,3.26,-0.010000000000000231,200,65200.0,卖盘
13:01:36,3.26,0.0,24,7824.0,卖盘
13:01:40,3.27,0.010000000000000231,10,3270.0,买盘
13:01:47,3.26,-0.010000000000000231,2,652.0,卖盘
13:01:50,3.27,0.010000000000000231,13,4248.0,买盘
13:01:53,3.26,-0.010000000000000231,264,86064.0,卖盘
13:01:56,3.26,0.0,330,107580.0,卖盘
13:01:59,3.27,0.010000000000000231,93,30328.0,买盘
13:02:02,3.26,-0.010000000000000231,794,258845.0,卖盘
13:02:05,3.26,0.0,120,39120.0,卖盘
13:02:09,3.26,0.0,8,2608.0,卖盘
13:02:12,3.26,0.0,1,326.0,卖盘
13:02:15,3.26,0.0,86,28036.0,卖盘
13:02:18,3.27,0.010000000000000231,58,18916.0,买盘
13:02:21,3.26,-0.010000000000000231,91,29666.0,卖盘
13:02:24,3.27,0.010000000000000231,247,80531.0,买盘
13:02:30,3.26,-0.010000000000000231,47,15324.0,卖盘
13:02:34,3.26,0.0,62,20212.0,买盘
13:02:40,3.26,0.0,23,7498.0,买盘
13:02:43,3.26,0.0,24,7824.0,买盘
13:02:50,3.26,0.0,60,19560.0,买盘
13:02:53,3.26,0.0,27,8802.0,买盘
13:03:02,3.26,0.0,279,90954.0,买盘
13:03:06,3.26,0.0,44,14344.0,卖盘
13:03:09,3.26,0.0,18,5868.0,卖盘
13:03:12,3.26,0.0,24,7839.0,卖盘
13:03:15,3.26,0.0,7,2282.0,卖盘
13:03:21,3.26,0.0,158,51508.0,卖盘
13:03:24,3.26,0.0,50,16307.0,卖盘
13:03:31,3.27,0.010000000000000231,18,5886.0,买盘
13:03:34,3.26,-0.010000000000000231,20,6520.0,卖盘
13:03:41,3.26,0.0,1,326.0,卖盘
13:03:44,3.26,0.0,848,276448.0,卖盘
13:03:47,3.26,0.0,24,7824.0,买盘
13:03:50,3.26,0.0,1,326.0,买盘
13:04:03,3.25,-0.009999999999999787,3,975.0,卖盘
13:04:06,3.25,0.0,37,12025.0,卖盘
13:04:12,3.25,0.0,34,11053.0,卖盘
13:04:18,3.25,0.0,16,5201.0,卖盘
13:04:21,3.25,0.0,16,5200.0,卖盘
13:04:31,3.25,0.0,5,1625.0,卖盘
13:04:38,3.25,0.0,353,114868.0,卖盘
13:04:44,3.25,0.0,36,11730.0,卖盘
13:04:47,3.25,0.0,42,13650.0,卖盘
13:04:50,3.26,0.009999999999999787,25,8150.0,买盘
13:04:54,3.26,0.0,85,27710.0,买盘
13:04:57,3.26,0.0,6,1956.0,买盘
13:05:06,3.26,0.0,1,326.0,买盘
13:05:09,3.25,-0.009999999999999787,35,11375.0,卖盘
13:05:12,3.26,0.009999999999999787,2,652.0,买盘
13:05:15,3.26,0.0,291,94866.0,买盘
13:05:21,3.25,-0.009999999999999787,34,11074.0,卖盘
13:05:25,3.26,0.009999999999999787,5,1630.0,买盘
13:05:28,3.26,0.0,64,20863.0,买盘
13:05:44,3.26,0.0,25,8150.0,买盘
13:05:47,3.25,-0.009999999999999787,11,3578.0,卖盘
13:05:50,3.25,0.0,28,9100.0,卖盘
13:06:03,3.26,0.009999999999999787,44,14319.0,买盘
13:06:06,3.25,-0.009999999999999787,1,325.0,卖盘
13:06:09,3.26,0.009999999999999787,3,978.0,买盘
13:06:12,3.26,0.0,2090,681340.0,买盘
13:06:15,3.26,0.0,87,28362.0,买盘
13:06:19,3.25,-0.009999999999999787,188,61278.0,卖盘
13:06:22,3.26,0.009999999999999787,558,181907.0,买盘
13:06:25,3.27,0.010000000000000231,48,15696.0,买盘
13:06:29,3.26,-0.010000000000000231,10,3260.0,卖盘
13:06:32,3.26,0.0,11,3586.0,卖盘
13:06:35,3.26,0.0,661,215486.0,卖盘
13:06:38,3.26,0.0,439,143114.0,买盘
13:06:41,3.26,0.0,31,10106.0,买盘
13:06:44,3.26,0.0,54,17604.0,买盘
13:06:48,3.26,0.0,59,19233.0,买盘
13:06:51,3.26,0.0,289,94214.0,买盘
13:06:54,3.26,0.0,4,1304.0,卖盘
13:07:00,3.27,0.010000000000000231,68,22170.0,买盘
13:07:03,3.26,-0.010000000000000231,68,22168.0,卖盘
13:07:09,3.26,0.0,56,18257.0,卖盘
13:07:12,3.26,0.0,1,326.0,卖盘
13:07:16,3.26,0.0,128,41774.0,卖盘
13:07:19,3.26,0.0,15,4890.0,买盘
13:07:26,3.26,0.0,2,652.0,买盘
13:07:35,3.26,0.0,9,2934.0,买盘
13:07:38,3.26,0.0,22,7172.0,买盘
13:07:41,3.26,0.0,39,12714.0,买盘
13:07:48,3.25,-0.009999999999999787,148,48247.0,卖盘
13:07:51,3.26,0.009999999999999787,26,8476.0,买盘
13:07:54,3.26,0.0,13,4238.0,买盘
13:07:57,3.26,0.0,23,7485.0,买盘
13:08:00,3.26,0.0,27,8801.0,买盘
13:08:06,3.26,0.0,239,77914.0,买盘
13:08:09,3.26,0.0,3,978.0,买盘
13:08:12,3.26,0.0,11,3586.0,买盘
13:08:16,3.26,0.0,189,61614.0,买盘
13:08:19,3.26,0.0,7,2282.0,买盘
13:08:26,3.26,0.0,26,8476.0,买盘
13:08:29,3.26,0.0,100,32600.0,买盘
13:08:35,3.25,-0.009999999999999787,576,187200.0,卖盘
13:08:38,3.25,0.0,51,16575.0,卖盘
13:08:42,3.25,0.0,25,8135.0,卖盘
13:08:45,3.25,0.0,3,975.0,卖盘
13:08:48,3.26,0.009999999999999787,4,1304.0,买盘
13:08:51,3.26,0.0,6,1956.0,买盘
13:08:54,3.25,-0.009999999999999787,6,1950.0,卖盘
13:08:57,3.25,0.0,97,31537.0,卖盘
13:09:00,3.25,0.0,33,10725.0,卖盘
13:09:03,3.25,0.0,19,6175.0,卖盘
13:09:10,3.25,0.0,35,11375.0,卖盘
13:09:13,3.26,0.009999999999999787,33,10758.0,买盘
13:09:20,3.25,-0.009999999999999787,70,22751.0,卖盘
13:09:23,3.26,0.009999999999999787,21,6846.0,买盘
13:09:26,3.26,0.0,10,3260.0,买盘
13:09:29,3.25,-0.009999999999999787,18,5850.0,卖盘
13:09:32,3.26,0.009999999999999787,24,7804.0,买盘
13:09:35,3.25,-0.009999999999999787,3,975.0,卖盘
13:09:39,3.25,0.0,44,14300.0,卖盘
13:09:42,3.25,0.0,40,13002.0,卖盘
13:09:45,3.25,0.0,24,7800.0,卖盘
13:09:48,3.25,0.0,41,13325.0,卖盘
13:09:51,3.25,0.0,9321,3029257.0,卖盘
13:09:54,3.24,-0.009999999999999787,157,50870.0,卖盘
13:09:57,3.24,0.0,1,324.0,卖盘
13:10:00,3.24,0.0,7,2268.0,卖盘
13:10:03,3.24,0.0,33,10720.0,卖盘
13:10:06,3.24,0.0,29,9421.0,卖盘
13:10:10,3.24,0.0,39,12636.0,卖盘
13:10:14,3.24,0.0,4,1297.0,卖盘
13:10:17,3.24,0.0,136,44064.0,卖盘
13:10:20,3.24,0.0,87,28268.0,卖盘
13:10:23,3.24,0.0,31,10049.0,卖盘
13:10:26,3.24,0.0,60,19452.0,卖盘
13:10:29,3.24,0.0,7,2268.0,卖盘
13:10:33,3.24,0.0,110,35640.0,卖盘
13:10:36,3.25,0.009999999999999787,32,10398.0,买盘
13:10:39,3.24,-0.009999999999999787,43,13932.0,卖盘
13:10:42,3.25,0.009999999999999787,10,3245.0,买盘
13:10:48,3.25,0.0,5,1625.0,买盘
13:10:51,3.24,-0.009999999999999787,2,648.0,卖盘
13:10:57,3.25,0.009999999999999787,8,2600.0,买盘
13:11:01,3.24,-0.009999999999999787,12,3888.0,卖盘
13:11:07,3.24,-0.009999999999999787,107,34675.0,卖盘
13:11:11,3.24,0.0,1,324.0,卖盘
13:11:14,3.24,0.0,3,972.0,卖盘
13:11:17,3.24,0.0,7,2268.0,卖盘
13:11:20,3.24,0.0,29,9396.0,卖盘
13:11:23,3.24,0.0,69,22356.0,卖盘
13:11:27,3.24,0.0,27,8748.0,卖盘
13:11:30,3.24,0.0,10,3240.0,卖盘
13:11:33,3.24,0.0,4,1296.0,卖盘
13:11:36,3.24,0.0,5,1620.0,卖盘
13:11:39,3.24,0.0,16,5184.0,卖盘
13:11:42,3.24,0.0,107,34673.0,卖盘
13:11:45,3.25,0.009999999999999787,37,12021.0,买盘
13:11:48,3.24,-0.009999999999999787,2,648.0,卖盘
13:11:55,3.24,0.0,141,45820.0,卖盘
13:11:58,3.25,0.009999999999999787,9,2925.0,买盘
13:12:01,3.25,0.0,18,5850.0,买盘
13:12:05,3.24,-0.009999999999999787,104,33726.0,卖盘
13:12:08,3.24,0.0,32,10368.0,卖盘
13:12:14,3.24,0.0,3,972.0,卖盘
13:12:17,3.24,0.0,2,648.0,卖盘
13:12:24,3.24,0.0,42,13608.0,卖盘
13:12:27,3.24,0.0,40,12960.0,卖盘
13:12:30,3.25,0.009999999999999787,16,5200.0,买盘
13:12:33,3.24,-0.009999999999999787,12,3888.0,卖盘
13:12:36,3.24,0.0,2,648.0,卖盘
13:12:39,3.24,0.0,476,154224.0,卖盘
13:12:42,3.24,0.0,4,1296.0,卖盘
13:12:45,3.24,0.0,20,6480.0,卖盘
13:12:58,3.24,0.0,3,972.0,卖盘
13:13:02,3.24,0.0,7,2273.0,卖盘
13:13:05,3.24,0.0,185,59959.0,卖盘
13:13:08,3.25,0.009999999999999787,20,6500.0,买盘
13:13:11,3.24,-0.009999999999999787,77,24948.0,卖盘
13:13:14,3.24,0.0,3,972.0,卖盘
13:13:17,3.24,0.0,3,972.0,卖盘
13:13:21,3.25,0.009999999999999787,2,649.0,买盘
13:13:24,3.24,-0.009999999999999787,19,6156.0,卖盘
13:13:27,3.24,0.0,5,1620.0,卖盘
13:13:30,3.24,0.0,230,74520.0,卖盘
13:13:33,3.24,0.0,241,78098.0,卖盘
13:13:36,3.24,0.0,962,311685.0,卖盘
13:13:39,3.24,0.0,25,8100.0,买盘
13:13:42,3.24,0.0,8,2592.0,卖盘
13:13:45,3.24,0.0,4,1296.0,卖盘
13:13:49,3.24,0.0,20,6480.0,卖盘
13:13:52,3.24,0.0,3,972.0,卖盘
13:13:55,3.24,0.0,53,17177.0,卖盘
13:14:02,3.24,0.0,79,25596.0,卖盘
13:14:05,3.24,0.0,52,16848.0,买盘
13:14:08,3.24,0.0,105,33919.0,买盘
13:14:11,3.24,0.0,8,2592.0,买盘
13:14:18,3.24,0.0,129,41755.0,买盘
13:14:21,3.24,0.0,3,972.0,买盘
13:14:24,3.24,0.0,69,22356.0,买盘
13:14:30,3.24,0.0,26,8424.0,买盘
13:14:33,3.23,-0.010000000000000231,2,647.0,卖盘
13:14:36,3.24,0.010000000000000231,4,1296.0,买盘
13:14:39,3.23,-0.010000000000000231,27,8721.0,卖盘
13:14:43,3.24,0.010000000000000231,1,324.0,买盘
13:14:49,3.24,0.0,1,324.0,买盘
13:14:53,3.23,-0.010000000000000231,26,8398.0,卖盘
13:14:59,3.23,0.0,133,42959.0,卖盘
13:15:05,3.24,0.010000000000000231,14,4525.0,买盘
13:15:08,3.24,0.0,7,2268.0,买盘
13:15:15,3.23,-0.010000000000000231,130,42090.0,卖盘
13:15:18,3.23,0.0,2,646.0,卖盘
13:15:27,3.23,0.0,63,20351.0,卖盘
13:15:30,3.23,0.0,14,4522.0,卖盘
13:15:33,3.23,0.0,151,48773.0,卖盘
13:15:40,3.24,0.010000000000000231,61,19727.0,买盘
13:15:43,3.23,-0.010000000000000231,121,39083.0,卖盘
13:15:46,3.24,0.010000000000000231,1,324.0,买盘
13:15:50,3.23,-0.010000000000000231,100,32300.0,卖盘
13:15:53,3.24,0.010000000000000231,9,2916.0,买盘
13:15:59,3.24,0.0,14,4536.0,买盘
13:16:02,3.24,0.0,62,20088.0,买盘
13:16:05,3.23,-0.010000000000000231,44,14253.0,卖盘
13:16:09,3.24,0.010000000000000231,53,17122.0,买盘
13:16:12,3.24,0.0,2,648.0,买盘
13:16:18,3.24,0.0,2,648.0,买盘
13:16:21,3.24,0.0,7,2266.0,买盘
13:16:27,3.24,0.0,1,324.0,买盘
13:16:40,3.23,-0.010000000000000231,65,20995.0,卖盘
13:16:47,3.23,0.0,16,5168.0,卖盘
13:17:02,3.23,0.0,14,4522.0,卖盘
13:17:06,3.24,0.010000000000000231,33,10692.0,买盘
13:17:09,3.23,-0.010000000000000231,420,135660.0,卖盘
13:17:12,3.24,0.010000000000000231,5,1619.0,买盘
13:17:15,3.23,-0.010000000000000231,1,323.0,卖盘
13:17:18,3.23,0.0,5,1616.0,卖盘
13:17:21,3.24,0.010000000000000231,31,10044.0,买盘
13:17:27,3.23,-0.010000000000000231,4,1293.0,卖盘
13:17:30,3.24,0.010000000000000231,501,162021.0,买盘
13:17:34,3.23,-0.010000000000000231,51,16473.0,卖盘
13:17:37,3.23,0.0,1,323.0,卖盘
13:17:41,3.24,0.010000000000000231,1,324.0,买盘
13:17:47,3.23,-0.010000000000000231,3,969.0,卖盘
13:17:50,3.24,0.010000000000000231,119,38453.0,买盘
13:17:53,3.23,-0.010000000000000231,4,1292.0,卖盘
13:17:59,3.23,0.0,103,33269.0,卖盘
13:18:03,3.23,0.0,18,5814.0,卖盘
13:18:06,3.23,0.0,10,3230.0,卖盘
13:18:09,3.24,0.010000000000000231,28,9048.0,买盘
13:18:12,3.24,0.0,30,9720.0,买盘
13:18:15,3.23,-0.010000000000000231,119,38437.0,卖盘
13:18:18,3.23,0.0,11,3553.0,卖盘
13:18:21,3.23,0.0,52,16796.0,卖盘
13:18:24,3.23,0.0,483,156009.0,卖盘
13:18:27,3.23,0.0,312,100776.0,卖盘
13:18:31,3.23,0.0,11,3554.0,卖盘
13:18:34,3.23,0.0,216,69768.0,卖盘
13:18:38,3.23,0.0,51,16473.0,卖盘
13:18:41,3.23,0.0,40,12920.0,卖盘
13:18:44,3.23,0.0,209,67507.0,卖盘
13:18:47,3.23,0.0,11,3553.0,卖盘
13:18:50,3.23,0.0,100,32300.0,卖盘
13:18:57,3.23,0.0,10,3230.0,卖盘
13:19:00,3.23,0.0,107,34561.0,卖盘
13:19:03,3.23,0.0,65,20995.0,卖盘
13:19:06,3.23,0.0,14,4522.0,卖盘
13:19:09,3.23,0.0,1,323.0,卖盘
13:19:12,3.23,0.0,199,64277.0,卖盘
13:19:15,3.23,0.0,161,52003.0,卖盘
13:19:18,3.23,0.0,109,35207.0,卖盘
13:19:21,3.23,0.0,1,323.0,卖盘
13:19:25,3.23,0.0,11,3553.0,卖盘
13:19:28,3.23,0.0,716,231268.0,卖盘
13:19:32,3.23,0.0,49,15826.0,买盘
13:19:35,3.22,-0.009999999999999787,52,16795.0,卖盘
13:19:38,3.23,0.009999999999999787,38,12274.0,买盘
13:19:47,3.22,-0.009999999999999787,13,4186.0,卖盘
13:19:57,3.22,0.0,12,3864.0,卖盘
13:20:02,3.22,0.0,38,12238.0,卖盘
13:20:06,3.23,0.009999999999999787,395,127585.0,买盘
13:20:09,3.22,-0.009999999999999787,1841,593682.0,卖盘
13:20:12,3.23,0.009999999999999787,3,969.0,卖盘
13:20:15,3.23,0.0,2,646.0,卖盘
13:20:18,3.23,0.0,212,68476.0,卖盘
13:20:21,3.23,0.0,88,28424.0,卖盘
13:20:25,3.23,0.0,113,36499.0,买盘
13:20:28,3.23,0.0,160,51653.0,买盘
13:20:32,3.23,0.0,18,5814.0,买盘
13:20:35,3.23,0.0,3,969.0,买盘
13:20:38,3.23,0.0,44,14210.0,买盘
13:20:41,3.23,0.0,5,1615.0,买盘
13:20:44,3.23,0.0,4,1292.0,买盘
13:20:47,3.23,0.0,12,3876.0,买盘
13:20:51,3.23,0.0,5,1615.0,买盘
13:20:54,3.23,0.0,78,25194.0,买盘
13:20:57,3.22,-0.009999999999999787,72,23186.0,卖盘
13:21:00,3.23,0.009999999999999787,203,65569.0,买盘
13:21:03,3.23,0.0,91,29313.0,买盘
13:21:06,3.23,0.0,131,42313.0,买盘
13:21:09,3.24,0.010000000000000231,94,30364.0,买盘
13:21:12,3.23,-0.010000000000000231,112,36226.0,卖盘
13:21:19,3.23,0.0,6,1938.0,卖盘
13:21:22,3.24,0.010000000000000231,10,3240.0,买盘
13:21:29,3.23,-0.010000000000000231,8,2584.0,卖盘
13:21:35,3.23,0.0,14,4522.0,卖盘
13:21:41,3.23,0.0,96,31008.0,卖盘
13:21:45,3.23,0.0,1,323.0,卖盘
13:21:48,3.23,0.0,46,14858.0,卖盘
13:21:51,3.23,0.0,18,5814.0,卖盘
13:21:54,3.23,0.0,44,14212.0,卖盘
13:21:57,3.23,0.0,34,10982.0,卖盘
13:22:00,3.23,0.0,16,5168.0,卖盘
13:22:03,3.23,0.0,411,132962.0,卖盘
13:22:06,3.23,0.0,65,20995.0,卖盘
13:22:09,3.23,0.0,36,11628.0,卖盘
13:22:12,3.24,0.010000000000000231,19,6154.0,买盘
13:22:16,3.23,-0.010000000000000231,53,17119.0,卖盘
13:22:23,3.23,0.0,30,9690.0,卖盘
13:22:26,3.23,0.0,19,6137.0,卖盘
13:22:29,3.23,0.0,1,323.0,卖盘
13:22:32,3.24,0.010000000000000231,34,10983.0,买盘
13:22:35,3.23,-0.010000000000000231,16,5168.0,卖盘
13:22:38,3.23,0.0,40,12920.0,卖盘
13:22:42,3.23,0.0,28,9044.0,卖盘
13:22:45,3.23,0.0,18,5814.0,卖盘
13:22:48,3.23,0.0,259,83657.0,卖盘
13:22:51,3.23,0.0,23,7429.0,卖盘
13:22:57,3.23,0.0,133,42959.0,卖盘
13:23:00,3.23,0.0,1068,344964.0,卖盘
13:23:10,3.22,-0.009999999999999787,9,2898.0,卖盘
13:23:13,3.23,0.009999999999999787,1,323.0,买盘
13:23:17,3.22,-0.009999999999999787,15,4830.0,卖盘
13:23:20,3.22,0.0,50,16136.0,卖盘
13:23:23,3.23,0.009999999999999787,134,43262.0,买盘
13:23:26,3.22,-0.009999999999999787,69,22218.0,卖盘
13:23:32,3.23,0.009999999999999787,70,22610.0,买盘
13:23:35,3.22,-0.009999999999999787,11,3542.0,卖盘
13:23:39,3.23,0.009999999999999787,329,105947.0,买盘
13:23:45,3.22,-0.009999999999999787,347,111808.0,卖盘
13:23:48,3.23,0.009999999999999787,9,2907.0,买盘
13:23:51,3.22,-0.009999999999999787,31,9982.0,卖盘
13:23:54,3.22,0.0,20,6440.0,卖盘
13:23:57,3.23,0.009999999999999787,195,62985.0,买盘
13:24:00,3.22,-0.009999999999999787,223,71806.0,卖盘
13:24:03,3.22,0.0,2,644.0,卖盘
13:24:06,3.22,0.0,5,1610.0,卖盘
13:24:10,3.22,0.0,698,224758.0,卖盘
13:24:14,3.22,0.0,63,20317.0,卖盘
13:24:17,3.22,0.0,25,8050.0,卖盘
13:24:20,3.22,0.0,83,26726.0,卖盘
13:24:23,3.22,0.0,213,68586.0,卖盘
13:24:26,3.23,0.009999999999999787,2,646.0,买盘
13:24:29,3.22,-0.009999999999999787,268,86296.0,卖盘
13:24:32,3.22,0.0,276,88876.0,卖盘
13:24:36,3.21,-0.010000000000000231,3,965.0,卖盘
13:24:45,3.21,0.0,7,2248.0,卖盘
13:24:48,3.21,0.0,30,9650.0,卖盘
13:24:51,3.22,0.010000000000000231,58,18656.0,买盘
13:24:54,3.21,-0.010000000000000231,52,16704.0,卖盘
13:24:57,3.21,0.0,63,20248.0,卖盘
13:25:00,3.21,0.0,66,21186.0,卖盘
13:25:04,3.22,0.010000000000000231,135,43349.0,买盘
13:25:07,3.21,-0.010000000000000231,35,11250.0,卖盘
13:25:11,3.21,0.0,26,8362.0,卖盘
13:25:14,3.21,0.0,12,3852.0,卖盘
13:25:17,3.21,0.0,42,13519.0,卖盘
13:25:20,3.22,0.010000000000000231,101,32519.0,买盘
13:25:23,3.22,0.0,282,90804.0,买盘
13:25:26,3.22,0.0,599,192878.0,买盘
13:25:30,3.22,0.0,967,311067.0,卖盘
13:25:33,3.22,0.0,297,95594.0,买盘
13:25:36,3.22,0.0,19,6118.0,卖盘
13:25:39,3.22,0.0,37,11914.0,卖盘
13:25:42,3.22,0.0,110,35420.0,买盘
13:25:45,3.22,0.0,228,73375.0,卖盘
13:25:48,3.23,0.009999999999999787,62,19976.0,买盘
13:25:51,3.22,-0.009999999999999787,30,9660.0,卖盘
13:25:54,3.23,0.009999999999999787,152,48954.0,买盘
13:25:57,3.22,-0.009999999999999787,313,100786.0,卖盘
13:26:01,3.22,0.0,36,11592.0,买盘
13:26:04,3.22,0.0,1,322.0,卖盘
13:26:08,3.22,0.0,22,7084.0,卖盘
13:26:14,3.22,0.0,735,236670.0,卖盘
13:26:17,3.22,0.0,120,38640.0,买盘
13:26:20,3.22,0.0,10,3220.0,卖盘
13:26:23,3.22,0.0,53,17066.0,卖盘
13:26:27,3.22,0.0,40,12880.0,卖盘
13:26:30,3.22,0.0,1071,344862.0,卖盘
13:26:36,3.22,0.0,12,3864.0,卖盘
13:26:39,3.22,0.0,102,32844.0,卖盘
13:26:42,3.23,0.009999999999999787,101,32523.0,买盘
13:26:45,3.22,-0.009999999999999787,5,1610.0,卖盘
13:26:48,3.22,0.0,63,20286.0,卖盘
13:26:51,3.22,0.0,7,2254.0,卖盘
13:26:58,3.22,0.0,13,4186.0,卖盘
13:27:01,3.22,0.0,199,64078.0,卖盘
13:27:05,3.22,0.0,78,25116.0,买盘
13:27:08,3.22,0.0,57,18360.0,买盘
13:27:11,3.22,0.0,479,154238.0,买盘
13:27:14,3.22,0.0,70,22540.0,卖盘
13:27:17,3.21,-0.010000000000000231,8,2575.0,卖盘
13:27:20,3.22,0.010000000000000231,11,3542.0,买盘
13:27:24,3.22,0.0,18,5796.0,买盘
13:27:27,3.22,0.0,1,322.0,卖盘
13:27:30,3.21,-0.010000000000000231,325,104521.0,卖盘
13:27:33,3.21,0.0,2,642.0,卖盘
13:27:36,3.22,0.010000000000000231,2,644.0,买盘
13:27:39,3.21,-0.010000000000000231,1,321.0,卖盘
13:27:42,3.21,0.0,5,1605.0,卖盘
13:27:45,3.22,0.010000000000000231,63,20286.0,买盘
13:27:48,3.22,0.0,562,180964.0,买盘
13:27:52,3.22,0.0,2,644.0,卖盘
13:27:55,3.22,0.0,32,10304.0,卖盘
13:27:58,3.22,0.0,151,48617.0,卖盘
13:28:02,3.22,0.0,21,6762.0,买盘
13:28:05,3.22,0.0,84,27048.0,买盘
13:28:08,3.22,0.0,20,6440.0,买盘
13:28:14,3.21,-0.010000000000000231,10,3210.0,卖盘
13:28:17,3.21,0.0,18,5778.0,卖盘
13:28:27,3.21,0.0,6,1926.0,卖盘
13:28:33,3.21,0.0,5,1605.0,卖盘
13:28:36,3.21,0.0,403,129563.0,卖盘
13:28:39,3.21,0.0,11,3531.0,卖盘
13:28:42,3.22,0.010000000000000231,31,9952.0,买盘
13:28:45,3.21,-0.010000000000000231,50,16050.0,卖盘
13:28:49,3.21,0.0,20,6420.0,卖盘
13:28:52,3.22,0.010000000000000231,129,41538.0,买盘
13:28:55,3.22,0.0,8,2576.0,买盘
13:28:59,3.22,0.0,7,2254.0,买盘
13:29:05,3.21,-0.010000000000000231,2,642.0,卖盘
13:29:08,3.22,0.010000000000000231,9,2898.0,买盘
13:29:15,3.22,0.0,10,3220.0,买盘
13:29:18,3.21,-0.010000000000000231,6,1929.0,卖盘
13:29:21,3.22,0.010000000000000231,455,146509.0,买盘
13:29:24,3.22,0.0,218,70195.0,买盘
13:29:27,3.22,0.0,77,24794.0,买盘
13:29:30,3.22,0.0,115,37030.0,买盘
13:29:33,3.22,0.0,179,57637.0,买盘
13:29:36,3.22,0.0,124,39923.0,买盘
13:29:39,3.22,0.0,21,6759.0,买盘
13:29:46,3.21,-0.010000000000000231,4,1284.0,卖盘
13:29:52,3.21,0.0,116,37236.0,卖盘
13:30:08,3.21,0.0,3,963.0,卖盘
13:30:12,3.21,0.0,4,1284.0,卖盘
13:30:15,3.22,0.010000000000000231,9,2890.0,买盘
13:30:18,3.21,-0.010000000000000231,68,21864.0,卖盘
13:30:21,3.21,0.0,59,18948.0,卖盘
13:30:24,3.21,0.0,262,84185.0,卖盘
13:30:27,3.21,0.0,12,3852.0,卖盘
13:30:30,3.21,0.0,15,4815.0,卖盘
13:30:33,3.21,0.0,6,1926.0,卖盘
13:30:36,3.21,0.0,21,6741.0,卖盘
13:30:39,3.21,0.0,6,1926.0,卖盘
13:30:43,3.21,0.0,14,4504.0,卖盘
13:30:46,3.21,0.0,2,642.0,卖盘
13:30:50,3.22,0.010000000000000231,11,3540.0,买盘
13:30:53,3.22,0.0,12,3864.0,买盘
13:30:59,3.21,-0.010000000000000231,9,2891.0,卖盘
13:31:12,3.22,0.010000000000000231,1,322.0,买盘
13:31:15,3.22,0.0,159,51198.0,买盘
13:31:18,3.21,-0.010000000000000231,132,42478.0,卖盘
13:31:21,3.22,0.010000000000000231,8,2576.0,买盘
13:31:24,3.21,-0.010000000000000231,4,1286.0,卖盘
13:31:27,3.22,0.010000000000000231,7,2254.0,买盘
13:31:30,3.22,0.0,10,3220.0,买盘
13:31:33,3.21,-0.010000000000000231,5,1609.0,卖盘
13:31:37,3.22,0.010000000000000231,10,3220.0,买盘
13:31:40,3.22,0.0,5,1610.0,买盘
13:31:43,3.22,0.0,70,22536.0,买盘
13:31:47,3.22,0.0,22,7084.0,买盘
13:31:50,3.22,0.0,11,3542.0,买盘
13:31:59,3.22,0.0,1,322.0,买盘
13:32:06,3.21,-0.010000000000000231,99,31779.0,卖盘
13:32:09,3.21,0.0,73,23443.0,卖盘
13:32:12,3.21,0.0,49,15729.0,卖盘
13:32:15,3.21,0.0,31,9951.0,卖盘
13:32:18,3.21,0.0,41,13161.0,卖盘
13:32:21,3.21,0.0,68,21828.0,卖盘
13:32:24,3.21,0.0,140,44972.0,卖盘
13:32:27,3.21,0.0,26,8357.0,卖盘
13:32:30,3.21,0.0,35,11235.0,卖盘
13:32:34,3.21,0.0,15,4815.0,卖盘
13:32:44,3.21,0.0,21,6741.0,卖盘
13:32:47,3.22,0.010000000000000231,41,13202.0,买盘
13:32:53,3.22,0.0,7,2254.0,买盘
13:33:03,3.22,0.0,14,4508.0,买盘
13:33:06,3.22,0.0,39,12555.0,买盘
13:33:09,3.22,0.0,1,322.0,买盘
13:33:15,3.21,-0.010000000000000231,7,2251.0,卖盘
13:33:18,3.21,0.0,31,9951.0,卖盘
13:33:21,3.21,0.0,171,54902.0,卖盘
13:33:24,3.21,0.0,70,22470.0,卖盘
13:33:28,3.21,0.0,17,5457.0,卖盘
13:33:31,3.21,0.0,8,2568.0,卖盘
13:33:34,3.21,0.0,187,60033.0,卖盘
13:33:38,3.21,0.0,52,16692.0,卖盘
13:33:41,3.22,0.010000000000000231,254,81711.0,买盘
13:33:44,3.21,-0.010000000000000231,5,1605.0,卖盘
13:33:47,3.21,0.0,24,7704.0,卖盘
13:33:50,3.21,0.0,5,1605.0,卖盘
13:33:57,3.21,0.0,125,40125.0,卖盘
13:34:00,3.21,0.0,2,642.0,卖盘
13:34:06,3.21,0.0,171,54891.0,卖盘
13:34:09,3.22,0.010000000000000231,2,644.0,买盘
13:34:12,3.21,-0.010000000000000231,80,25680.0,卖盘
13:34:15,3.21,0.0,19,6099.0,卖盘
13:34:18,3.21,0.0,81,26002.0,卖盘
13:34:21,3.21,0.0,46,14778.0,卖盘
13:34:25,3.21,0.0,2,642.0,卖盘
13:34:28,3.21,0.0,2,642.0,卖盘
13:34:32,3.21,0.0,19,6099.0,卖盘
13:34:35,3.21,0.0,67,21507.0,卖盘
13:34:38,3.21,0.0,526,168846.0,卖盘
13:34:41,3.21,0.0,71,22791.0,卖盘
13:34:44,3.21,0.0,9,2892.0,卖盘
13:34:47,3.21,0.0,173,55574.0,卖盘
13:34:51,3.21,0.0,7,2247.0,卖盘
13:34:54,3.21,0.0,29,9317.0,卖盘
13:34:57,3.21,0.0,154,49434.0,卖盘
13:35:00,3.21,0.0,364,116844.0,卖盘
13:35:02,3.21,0.0,54,17334.0,卖盘
13:35:06,3.21,0.0,402,129052.0,卖盘
13:35:09,3.21,0.0,220,70620.0,卖盘
13:35:12,3.21,0.0,59,18939.0,卖盘
13:35:15,3.21,0.0,68,21828.0,卖盘
13:35:18,3.21,0.0,389,124869.0,卖盘
13:35:22,3.21,0.0,34,10914.0,买盘
13:35:32,3.2,-0.009999999999999787,8,2560.0,卖盘
13:35:35,3.2,0.0,9,2883.0,卖盘
13:35:38,3.2,0.0,15,4800.0,卖盘
13:35:41,3.2,0.0,21,6720.0,卖盘
13:35:44,3.2,0.0,430,137600.0,卖盘
13:35:48,3.2,0.0,25,8000.0,卖盘
13:35:51,3.2,0.0,11,3520.0,卖盘
13:35:54,3.2,0.0,69,22080.0,卖盘
13:35:57,3.2,0.0,16,5123.0,卖盘
13:36:00,3.2,0.0,15,4800.0,卖盘
13:36:03,3.2,0.0,428,136962.0,卖盘
13:36:06,3.21,0.009999999999999787,63,20161.0,买盘
13:36:09,3.2,-0.009999999999999787,127,40643.0,卖盘
13:36:12,3.2,0.0,82,26240.0,卖盘
13:36:16,3.2,0.0,77,24640.0,卖盘
13:36:29,3.2,0.0,101,32320.0,卖盘
13:36:35,3.2,0.0,26,8320.0,卖盘
13:36:38,3.2,0.0,25,8000.0,卖盘
13:36:45,3.2,0.0,5,1600.0,卖盘
13:36:48,3.2,0.0,42,13440.0,卖盘
13:36:51,3.2,0.0,10,3200.0,卖盘
13:36:57,3.21,0.009999999999999787,81,25944.0,买盘
13:37:00,3.2,-0.009999999999999787,210,67200.0,卖盘
13:37:03,3.2,0.0,20,6400.0,卖盘
13:37:06,3.2,0.0,16,5120.0,卖盘
13:37:09,3.2,0.0,213,68160.0,卖盘
13:37:13,3.2,0.0,8,2560.0,卖盘
13:37:16,3.2,0.0,17,5441.0,卖盘
13:37:20,3.21,0.009999999999999787,33,10591.0,买盘
13:37:26,3.2,-0.009999999999999787,5,1600.0,卖盘
13:37:29,3.21,0.009999999999999787,17,5450.0,买盘
13:37:32,3.21,0.0,277,88914.0,买盘
13:37:35,3.2,-0.009999999999999787,1,320.0,卖盘
13:37:39,3.2,0.0,1317,421440.0,卖盘
13:37:45,3.2,0.0,236,75520.0,卖盘
13:37:48,3.2,0.0,1038,332160.0,卖盘
13:37:51,3.2,0.0,966,309120.0,买盘
13:37:54,3.2,0.0,218,69760.0,卖盘
13:37:57,3.2,0.0,64,20480.0,卖盘
13:38:00,3.2,0.0,70,22400.0,卖盘
13:38:06,3.2,0.0,628,200960.0,卖盘
13:38:10,3.2,0.0,10,3200.0,卖盘
13:38:13,3.2,0.0,60,19200.0,卖盘
13:38:17,3.2,0.0,88,28160.0,卖盘
13:38:20,3.2,0.0,60,19200.0,卖盘
13:38:23,3.2,0.0,38,12160.0,卖盘
13:38:29,3.2,0.0,2,640.0,买盘
13:38:32,3.19,-0.010000000000000231,200,63800.0,卖盘
13:38:36,3.19,0.0,20,6380.0,卖盘
13:38:42,3.2,0.010000000000000231,78,24932.0,买盘
13:38:45,3.19,-0.010000000000000231,44,14044.0,卖盘
13:38:48,3.19,0.0,107,34133.0,卖盘
13:38:51,3.2,0.010000000000000231,13,4160.0,买盘
13:38:54,3.19,-0.010000000000000231,62,19778.0,卖盘
13:38:57,3.2,0.010000000000000231,66,21120.0,买盘
13:39:00,3.19,-0.010000000000000231,25,7975.0,卖盘
13:39:03,3.2,0.010000000000000231,102,32548.0,买盘
13:39:07,3.19,-0.010000000000000231,106,33814.0,卖盘
13:39:10,3.19,0.0,56,17864.0,卖盘
13:39:13,3.19,0.0,59,18821.0,卖盘
13:39:17,3.19,0.0,100,31900.0,卖盘
13:39:20,3.19,0.0,141,44979.0,卖盘
13:39:23,3.19,0.0,94,29986.0,卖盘
13:39:26,3.19,0.0,29,9251.0,卖盘
13:39:29,3.19,0.0,100,31910.0,卖盘
13:39:32,3.19,0.0,196,62524.0,卖盘
13:39:36,3.19,0.0,1,319.0,卖盘
13:39:39,3.19,0.0,111,35419.0,卖盘
13:39:42,3.2,0.010000000000000231,129,41236.0,买盘
13:39:45,3.19,-0.010000000000000231,2,638.0,卖盘
13:39:48,3.19,0.0,16,5104.0,卖盘
13:39:51,3.19,0.0,20,6380.0,卖盘
13:39:54,3.19,0.0,230,73370.0,卖盘
13:39:57,3.19,0.0,59,18821.0,卖盘
13:40:00,3.19,0.0,3,957.0,卖盘
13:40:10,3.19,0.0,382,121868.0,卖盘
13:40:13,3.19,0.0,37,11804.0,卖盘
13:40:17,3.19,0.0,22,7018.0,卖盘
13:40:20,3.19,0.0,1,319.0,卖盘
13:40:23,3.19,0.0,52,16588.0,卖盘
13:40:26,3.19,0.0,604,192676.0,卖盘
13:40:32,3.19,0.0,30,9570.0,卖盘
13:40:36,3.19,0.0,27,8613.0,卖盘
13:40:39,3.19,0.0,30,9570.0,卖盘
13:40:42,3.19,0.0,23,7337.0,卖盘
13:40:45,3.19,0.0,55,17545.0,卖盘
13:40:48,3.19,0.0,30,9570.0,卖盘
13:40:51,3.19,0.0,26,8300.0,卖盘
13:40:54,3.19,0.0,108,34452.0,卖盘
13:40:57,3.2,0.010000000000000231,56,17874.0,买盘
13:41:07,3.19,-0.010000000000000231,1314,419171.0,卖盘
13:41:10,3.19,0.0,33,10528.0,买盘
13:41:14,3.19,0.0,15,4785.0,买盘
13:41:17,3.19,0.0,13,4147.0,卖盘
13:41:20,3.19,0.0,12,3828.0,卖盘
13:41:23,3.19,0.0,208,66352.0,卖盘
13:41:26,3.19,0.0,2,638.0,卖盘
13:41:30,3.19,0.0,105,33495.0,卖盘
13:41:33,3.19,0.0,13,4146.0,买盘
13:41:36,3.19,0.0,1,319.0,买盘
13:41:39,3.18,-0.009999999999999787,48,15272.0,卖盘
13:41:42,3.19,0.009999999999999787,54,17181.0,买盘
13:41:48,3.18,-0.009999999999999787,37,11768.0,卖盘
13:41:51,3.18,0.0,83,26395.0,卖盘
13:41:54,3.18,0.0,136,43248.0,卖盘
13:41:57,3.18,0.0,278,88404.0,卖盘
13:42:01,3.18,0.0,60,19080.0,卖盘
13:42:04,3.18,0.0,157,49932.0,卖盘
13:42:07,3.18,0.0,61,19403.0,卖盘
13:42:11,3.18,0.0,43,13693.0,卖盘
13:42:17,3.18,0.0,64,20352.0,卖盘
13:42:20,3.18,0.0,229,72822.0,卖盘
13:42:23,3.18,0.0,38,12084.0,卖盘
13:42:27,3.18,0.0,3,954.0,卖盘
13:42:30,3.18,0.0,10,3180.0,卖盘
13:42:33,3.18,0.0,110,34980.0,卖盘
13:42:36,3.18,0.0,90,28624.0,卖盘
13:42:39,3.18,0.0,124,39432.0,卖盘
13:42:42,3.18,0.0,131,41658.0,卖盘
13:42:45,3.18,0.0,308,97944.0,卖盘
13:42:48,3.18,0.0,18,5724.0,卖盘
13:42:51,3.19,0.009999999999999787,9,2871.0,买盘
13:42:55,3.18,-0.009999999999999787,20,6360.0,卖盘
13:43:01,3.18,0.0,131,41689.0,卖盘
13:43:05,3.18,0.0,109,34662.0,卖盘
13:43:11,3.18,0.0,20,6360.0,卖盘
13:43:14,3.18,0.0,149,47382.0,卖盘
13:43:17,3.18,0.0,100,31800.0,卖盘
13:43:20,3.18,0.0,39,12402.0,卖盘
13:43:30,3.18,0.0,284,90331.0,卖盘
13:43:33,3.18,0.0,6,1908.0,卖盘
13:43:36,3.18,0.0,89,28302.0,卖盘
13:43:42,3.19,0.009999999999999787,16,5096.0,买盘
13:43:45,3.18,-0.009999999999999787,202,64338.0,卖盘
13:43:52,3.18,0.0,50,15900.0,卖盘
13:43:55,3.18,0.0,11,3498.0,卖盘
13:44:11,3.18,0.0,49,15582.0,卖盘
13:44:17,3.18,0.0,7,2231.0,卖盘
13:44:21,3.19,0.009999999999999787,7,2233.0,买盘
13:44:24,3.18,-0.009999999999999787,1368,435024.0,卖盘
13:44:27,3.19,0.009999999999999787,20,6380.0,买盘
13:44:33,3.18,-0.009999999999999787,5,1590.0,卖盘
13:44:36,3.18,0.0,135,42930.0,卖盘
13:44:39,3.19,0.009999999999999787,10,3190.0,买盘
13:44:42,3.19,0.0,1296,413424.0,买盘
13:44:45,3.19,0.0,568,181192.0,买盘
13:44:49,3.19,0.0,31,9889.0,卖盘
13:44:55,3.19,0.0,49,15631.0,买盘
13:44:59,3.19,0.0,223,71137.0,卖盘
13:45:02,3.19,0.0,94,29995.0,卖盘
13:45:05,3.19,0.0,76,24246.0,卖盘
13:45:08,3.2,0.010000000000000231,32,10217.0,买盘
13:45:11,3.19,-0.010000000000000231,71,22649.0,卖盘
13:45:14,3.2,0.010000000000000231,77,24608.0,买盘
13:45:18,3.19,-0.010000000000000231,160,51041.0,卖盘
13:45:21,3.19,0.0,20,6380.0,卖盘
13:45:24,3.19,0.0,59,18821.0,卖盘
13:45:27,3.19,0.0,2,638.0,卖盘
