成交时间,成交价,价格变动,成交量（手）,成交额（元）,性质
09:30:01,3.4,0.0,8536,2901827.0,卖盘
09:30:03,3.42,0.020000000000000018,28097,9587232.0,买盘
09:30:07,3.42,0.0,1606,551262.0,卖盘
09:30:11,3.45,0.03000000000000025,1753,602717.0,买盘
09:30:12,3.43,-0.020000000000000018,1206,415182.0,卖盘
09:30:17,3.47,0.040000000000000036,267,92355.0,买盘
09:30:20,3.48,0.009999999999999787,2509,872391.0,买盘
09:30:23,3.47,-0.009999999999999787,2796,972609.0,中性盘
09:30:27,3.49,0.020000000000000018,2447,850021.0,买盘
09:30:30,3.49,0.0,693,241053.0,买盘
09:30:33,3.47,-0.020000000000000018,1115,388328.0,卖盘
09:30:36,3.48,0.009999999999999787,2628,913468.0,买盘
09:30:39,3.49,0.010000000000000231,1123,391139.0,买盘
09:30:42,3.48,-0.010000000000000231,999,347676.0,卖盘
09:30:48,3.47,-0.009999999999999787,1923,667592.0,卖盘
09:30:51,3.47,0.0,1779,617353.0,买盘
09:30:54,3.47,0.0,2917,1013840.0,买盘
09:30:58,3.48,0.009999999999999787,1242,431488.0,买盘
09:31:01,3.48,0.0,1002,348678.0,买盘
09:31:04,3.48,0.0,647,225209.0,买盘
09:31:08,3.49,0.010000000000000231,1673,583634.0,买盘
09:31:11,3.48,-0.010000000000000231,2398,835265.0,卖盘
09:31:14,3.48,0.0,1402,489172.0,卖盘
09:31:17,3.48,0.0,11023,3851930.0,卖盘
09:31:21,3.51,0.029999999999999805,1457,508411.9200000018,买盘
09:31:24,3.51,0.0,1210,425311.0,卖盘
09:31:27,3.51,0.0,1594,560086.0,卖盘
09:31:30,3.51,0.0,904,317269.0,买盘
09:31:33,3.5,-0.009999999999999787,2592,910039.0,卖盘
09:31:36,3.52,0.020000000000000018,1327,466027.0,买盘
09:31:39,3.52,0.0,1569,552006.0,买盘
09:31:42,3.52,0.0,2700,950102.0,买盘
09:31:45,3.52,0.0,2144,754364.0,买盘
09:31:48,3.53,0.009999999999999787,1967,693727.0,买盘
09:31:51,3.54,0.010000000000000231,963,340394.0,买盘
09:31:55,3.54,0.0,1280,453591.0,买盘
09:31:58,3.54,0.0,670,237285.0,卖盘
09:32:01,3.53,-0.010000000000000231,1366,483365.0,卖盘
09:32:05,3.53,0.0,3597,1268534.0,卖盘
09:32:08,3.52,-0.009999999999999787,1900,669461.0,中性盘
09:32:11,3.51,-0.010000000000000231,2883,1010728.0,卖盘
09:32:14,3.51,0.0,609,214139.0,卖盘
09:32:18,3.51,0.0,2063,724116.0,卖盘
09:32:21,3.52,0.010000000000000231,4107,1442607.0,买盘
09:32:24,3.51,-0.010000000000000231,5057,1777404.0,卖盘
09:32:27,3.51,0.0,1728,606290.0,卖盘
09:32:30,3.52,0.010000000000000231,1396,491066.0,买盘
09:32:33,3.51,-0.010000000000000231,2167,761552.0,卖盘
09:32:36,3.52,0.010000000000000231,663,232900.0,买盘
09:32:39,3.53,0.009999999999999787,1762,621723.0,买盘
09:32:42,3.52,-0.009999999999999787,1823,640066.0,卖盘
09:32:45,3.52,0.0,295,103856.0,卖盘
09:32:49,3.51,-0.010000000000000231,863,303074.0,卖盘
09:32:53,3.52,0.010000000000000231,1053,369635.0,买盘
09:32:56,3.51,-0.010000000000000231,1142,401669.0,中性盘
09:32:59,3.52,0.010000000000000231,693,243502.0,买盘
09:33:02,3.52,0.0,630,221646.0,买盘
09:33:05,3.51,-0.010000000000000231,306,107629.0,卖盘
09:33:08,3.52,0.010000000000000231,318,111813.0,买盘
09:33:12,3.53,0.009999999999999787,6492,2289524.0,买盘
09:33:15,3.53,0.0,585,206574.0,买盘
09:33:18,3.54,0.010000000000000231,483,170514.0,买盘
09:33:21,3.54,0.0,99,34981.0,买盘
09:33:24,3.54,0.0,3270,1154141.0,买盘
09:33:27,3.52,-0.020000000000000018,1433,506144.0,卖盘
09:33:30,3.53,0.009999999999999787,727,256480.0,买盘
09:33:33,3.53,0.0,607,213738.0,买盘
09:33:36,3.53,0.0,988,348144.0,买盘
09:33:39,3.52,-0.009999999999999787,1175,413696.0,中性盘
09:33:42,3.51,-0.010000000000000231,2089,732694.0,卖盘
09:33:46,3.51,0.0,334,117307.0,买盘
09:33:50,3.51,0.0,514,180355.0,卖盘
09:33:53,3.51,0.0,473,165867.0,买盘
09:33:56,3.51,0.0,265,92928.0,买盘
09:33:59,3.5,-0.009999999999999787,551,192942.0,卖盘
09:34:02,3.5,0.0,208,72799.0,买盘
09:34:05,3.5,0.0,522,182614.0,买盘
09:34:09,3.46,-0.040000000000000036,6087,2113670.079999998,卖盘
09:34:12,3.48,0.020000000000000018,3344,1158084.6800000072,买盘
09:34:15,3.47,-0.009999999999999787,1685,584509.0,中性盘
09:34:18,3.47,0.0,2361,821517.0,卖盘
09:34:21,3.49,0.020000000000000018,1785,621688.0,买盘
09:34:24,3.47,-0.020000000000000018,1846,640791.0,卖盘
09:34:27,3.5,0.029999999999999805,464,161462.0,买盘
09:34:30,3.48,-0.020000000000000018,738,257437.0,卖盘
09:34:33,3.48,0.0,440,153197.0,卖盘
09:34:36,3.47,-0.009999999999999787,1361,472452.0,卖盘
09:34:40,3.48,0.009999999999999787,1358,470333.0,买盘
09:34:43,3.45,-0.029999999999999805,523,181030.0,卖盘
09:34:47,3.47,0.020000000000000018,423,146475.0,买盘
09:34:50,3.46,-0.010000000000000231,197,68394.0,卖盘
09:34:53,3.46,0.0,1079,372669.0,卖盘
09:34:56,3.47,0.010000000000000231,332,115161.0,买盘
09:34:59,3.44,-0.03000000000000025,1773,611409.0,卖盘
09:35:02,3.46,0.020000000000000018,69,23864.0,买盘
09:35:05,3.44,-0.020000000000000018,1529,526358.0,卖盘
09:35:09,3.44,0.0,415,142760.0,买盘
09:35:12,3.44,0.0,509,175096.0,买盘
09:35:15,3.45,0.010000000000000231,457,157388.0,买盘
09:35:18,3.4,-0.050000000000000266,17478,5978788.0,卖盘
09:35:21,3.4,0.0,4359,1482060.0,买盘
09:35:24,3.43,0.03000000000000025,18072,6147019.0,买盘
09:35:27,3.44,0.009999999999999787,1978,678566.0,买盘
09:35:30,3.43,-0.009999999999999787,998,343882.0,卖盘
09:35:33,3.45,0.020000000000000018,738,254159.0,买盘
09:35:36,3.44,-0.010000000000000231,1021,351229.0,卖盘
09:35:39,3.45,0.010000000000000231,386,132931.0,买盘
09:35:44,3.45,0.0,396,136161.0,买盘
09:35:47,3.45,0.0,113,38933.0,买盘
09:35:50,3.43,-0.020000000000000018,519,178393.0,卖盘
09:35:53,3.44,0.009999999999999787,109,37496.0,卖盘
09:35:56,3.45,0.010000000000000231,61,21025.0,买盘
09:35:59,3.45,0.0,91,31395.0,买盘
09:36:02,3.44,-0.010000000000000231,266,91679.0,卖盘
09:36:06,3.45,0.010000000000000231,987,340480.0,买盘
09:36:09,3.44,-0.010000000000000231,786,270513.0,卖盘
09:36:12,3.44,0.0,652,223895.0,买盘
09:36:15,3.44,0.0,160,55024.0,买盘
09:36:18,3.45,0.010000000000000231,417,143433.0,买盘
09:36:21,3.43,-0.020000000000000018,2900,992422.0,卖盘
09:36:24,3.43,0.0,192,65880.0,买盘
09:36:27,3.42,-0.010000000000000231,370,126572.0,卖盘
09:36:30,3.42,0.0,1088,371565.0,中性盘
09:36:33,3.41,-0.009999999999999787,856,292041.0,卖盘
09:36:37,3.41,0.0,2206,752562.0,买盘
09:36:40,3.41,0.0,570,194311.0,买盘
09:36:44,3.42,0.009999999999999787,338,115443.0,买盘
09:36:47,3.42,0.0,544,185618.0,买盘
09:36:50,3.42,0.0,32,10933.0,买盘
09:36:53,3.42,0.0,1215,415163.0,卖盘
09:36:56,3.42,0.0,1359,464764.0,买盘
09:36:59,3.43,0.010000000000000231,1475,504303.0,买盘
09:37:03,3.42,-0.010000000000000231,2043,698642.0,卖盘
09:37:06,3.42,0.0,126,43131.0,买盘
09:37:09,3.43,0.010000000000000231,247,84460.0,买盘
09:37:12,3.41,-0.020000000000000018,1364,465269.0,卖盘
09:37:15,3.41,0.0,287,97882.0,买盘
09:37:18,3.4,-0.010000000000000231,1774,604603.0,卖盘
09:37:21,3.41,0.010000000000000231,588,200405.0,买盘
09:37:24,3.4,-0.010000000000000231,305,103771.0,卖盘
09:37:27,3.4,0.0,988,336616.0,卖盘
09:37:30,3.41,0.010000000000000231,450,153223.0,买盘
09:37:34,3.41,0.0,1315,447634.0,买盘
09:37:37,3.41,0.0,656,223661.0,买盘
09:37:41,3.41,0.0,1200,409221.0,买盘
09:37:44,3.42,0.009999999999999787,68,23216.0,买盘
09:37:47,3.41,-0.009999999999999787,148,50503.0,卖盘
09:37:50,3.41,0.0,66,22559.0,卖盘
09:37:53,3.42,0.009999999999999787,117,39973.0,买盘
09:37:56,3.41,-0.009999999999999787,103,35123.0,卖盘
09:38:00,3.42,0.009999999999999787,40,13663.0,买盘
09:38:03,3.42,0.0,711,243002.0,买盘
09:38:06,3.41,-0.009999999999999787,198,67522.0,卖盘
09:38:09,3.42,0.009999999999999787,344,117556.0,买盘
09:38:12,3.41,-0.009999999999999787,495,169017.0,卖盘
09:38:15,3.41,0.0,384,131306.0,卖盘
09:38:18,3.41,0.0,1147,392106.0,卖盘
09:38:21,3.42,0.009999999999999787,563,192199.0,买盘
09:38:24,3.42,0.0,350,119513.0,买盘
09:38:27,3.42,0.0,283,96604.0,买盘
09:38:31,3.42,0.0,456,155922.0,买盘
09:38:34,3.42,0.0,286,97802.0,买盘
09:38:37,3.42,0.0,897,306597.0,买盘
09:38:41,3.41,-0.009999999999999787,306,104480.0,卖盘
09:38:44,3.41,0.0,636,216911.0,卖盘
09:38:47,3.41,0.0,83,28343.0,卖盘
09:38:50,3.41,0.0,1889,644149.0,卖盘
09:38:53,3.41,0.0,3655,1246469.0,卖盘
09:38:56,3.41,0.0,1732,590618.0,卖盘
09:39:00,3.41,0.0,7415,2523331.0,买盘
09:39:03,3.41,0.0,579,196900.0,买盘
09:39:06,3.41,0.0,349,118736.0,买盘
09:39:09,3.4,-0.010000000000000231,294,100148.0,卖盘
09:39:12,3.41,0.010000000000000231,626,213405.0,买盘
09:39:15,3.41,0.0,364,124124.0,买盘
09:39:18,3.4,-0.010000000000000231,1755,597428.0,卖盘
09:39:21,3.41,0.010000000000000231,670,227884.0,买盘
09:39:24,3.41,0.0,128,43616.0,买盘
09:39:27,3.41,0.0,352,120022.0,买盘
09:39:30,3.41,0.0,1258,428962.0,买盘
09:39:34,3.41,0.0,1527,520692.0,买盘
09:39:37,3.41,0.0,1278,435533.0,买盘
09:39:41,3.41,0.0,840,286344.0,买盘
09:39:44,3.41,0.0,411,140151.0,买盘
09:39:46,3.41,0.0,14,4774.0,卖盘
09:39:50,3.41,0.0,97,33084.0,卖盘
09:39:57,3.42,0.009999999999999787,1122,383671.0,买盘
09:40:00,3.42,0.0,1,342.0,买盘
09:40:03,3.41,-0.009999999999999787,8,2734.0,卖盘
09:40:06,3.41,0.0,124,42388.0,卖盘
09:40:09,3.42,0.009999999999999787,1969,671586.0,买盘
09:40:12,3.4,-0.020000000000000018,1151,392522.0,卖盘
09:40:15,3.41,0.010000000000000231,252,85976.0,中性盘
09:40:18,3.41,0.0,1502,513616.0,卖盘
09:40:21,3.42,0.009999999999999787,422,144288.0,买盘
09:40:25,3.41,-0.009999999999999787,1286,439410.0,卖盘
09:40:28,3.42,0.009999999999999787,163,55739.0,买盘
09:40:32,3.42,0.0,94,32148.0,卖盘
09:40:35,3.42,0.0,129,44118.0,卖盘
09:40:38,3.42,0.0,874,298996.0,卖盘
09:40:41,3.43,0.010000000000000231,130,44485.0,买盘
09:40:44,3.42,-0.010000000000000231,791,270539.0,卖盘
09:40:47,3.42,0.0,457,156356.0,卖盘
09:40:51,3.43,0.010000000000000231,108,37044.0,买盘
09:40:54,3.43,0.0,96,32890.0,买盘
09:40:57,3.43,0.0,145,49597.0,买盘
09:41:00,3.43,0.0,206,70562.0,买盘
09:41:03,3.42,-0.010000000000000231,153,52447.0,卖盘
09:41:06,3.43,0.010000000000000231,2072,709262.0,买盘
09:41:09,3.43,0.0,341,116638.0,买盘
09:41:12,3.43,0.0,165,56592.0,买盘
09:41:15,3.42,-0.010000000000000231,6194,2120389.0,卖盘
09:41:19,3.41,-0.009999999999999787,584,199623.0,卖盘
09:41:22,3.41,0.0,707,241211.0,卖盘
09:41:25,3.41,0.0,560,190988.0,卖盘
09:41:29,3.42,0.009999999999999787,307,104994.0,买盘
09:41:32,3.42,0.0,177,60492.0,卖盘
09:41:35,3.42,0.0,182,62228.0,买盘
09:41:38,3.42,0.0,402,137212.0,卖盘
09:41:41,3.41,-0.009999999999999787,227,77581.0,卖盘
09:41:45,3.42,0.009999999999999787,75,25600.0,买盘
09:41:48,3.42,0.0,829,283532.0,买盘
09:41:51,3.42,0.0,296,101232.0,卖盘
09:41:54,3.42,0.0,477,163434.0,卖盘
09:41:57,3.43,0.010000000000000231,479,164197.29999999702,买盘
09:42:00,3.42,-0.010000000000000231,269,92036.79999999702,卖盘
09:42:03,3.42,0.0,422,144329.0,买盘
09:42:06,3.42,0.0,108,36968.0,卖盘
09:42:09,3.42,0.0,69,23598.0,卖盘
09:42:12,3.42,0.0,118,40344.0,买盘
09:42:16,3.42,0.0,246,84101.0,买盘
09:42:19,3.42,0.0,266,90963.0,买盘
09:42:23,3.42,0.0,144,49248.0,卖盘
09:42:26,3.42,0.0,122,41724.0,卖盘
09:42:29,3.42,0.0,245,83937.0,卖盘
09:42:32,3.42,0.0,273,93385.0,卖盘
09:42:35,3.43,0.010000000000000231,167,57281.0,买盘
09:42:38,3.43,0.0,32,10971.0,买盘
09:42:42,3.43,0.0,213,72860.0,买盘
09:42:48,3.42,-0.010000000000000231,81,27726.0,卖盘
09:42:51,3.43,0.010000000000000231,200,68600.0,买盘
09:42:54,3.43,0.0,30,10290.0,买盘
09:42:57,3.43,0.0,83,28469.0,买盘
09:43:00,3.43,0.0,731,250510.0,买盘
09:43:03,3.43,0.0,42,14406.0,买盘
09:43:06,3.42,-0.010000000000000231,174,59674.0,卖盘
09:43:10,3.43,0.010000000000000231,70,23990.0,买盘
09:43:13,3.43,0.0,152,52119.0,买盘
09:43:16,3.43,0.0,717,245926.0,买盘
09:43:20,3.43,0.0,149,51108.0,卖盘
09:43:23,3.44,0.009999999999999787,18,6190.0,买盘
09:43:26,3.43,-0.009999999999999787,98,33640.0,卖盘
09:43:29,3.44,0.009999999999999787,13,4472.0,买盘
09:43:32,3.44,0.0,30,10300.0,买盘
09:43:35,3.44,0.0,59,20274.0,买盘
09:43:39,3.44,0.0,493,169580.0,买盘
09:43:42,3.44,0.0,366,125904.0,卖盘
09:43:45,3.44,0.0,435,149614.0,卖盘
09:43:51,3.44,0.0,34,11696.0,买盘
09:43:54,3.44,0.0,6,2064.0,买盘
09:43:57,3.44,0.0,773,265912.0,买盘
09:44:00,3.44,0.0,227,77910.0,买盘
09:44:03,3.44,0.0,29,9976.0,卖盘
09:44:06,3.44,0.0,38,13100.0,卖盘
09:44:10,3.45,0.010000000000000231,16,5515.0,买盘
09:44:13,3.44,-0.010000000000000231,31,10693.0,卖盘
09:44:17,3.45,0.010000000000000231,11,3795.0,买盘
09:44:20,3.45,0.0,152,52427.0,买盘
09:44:23,3.45,0.0,262,90377.0,买盘
09:44:26,3.45,0.0,115,39657.0,买盘
09:44:29,3.45,0.0,4,1380.0,卖盘
09:44:33,3.45,0.0,1265,436425.0,卖盘
09:44:36,3.45,0.0,463,160195.0,卖盘
09:44:39,3.45,0.0,69,23828.0,卖盘
09:44:42,3.46,0.009999999999999787,5,1730.0,买盘
09:44:45,3.45,-0.009999999999999787,10,3450.0,卖盘
09:44:48,3.46,0.009999999999999787,74,25598.0,买盘
09:44:51,3.46,0.0,399,138052.0,买盘
09:44:54,3.45,-0.009999999999999787,765,264185.0,卖盘
09:44:57,3.46,0.009999999999999787,223,77154.0,买盘
09:45:00,3.45,-0.009999999999999787,141,48744.0,卖盘
09:45:04,3.46,0.009999999999999787,219,75748.0,买盘
09:45:07,3.45,-0.009999999999999787,1028,355661.0,卖盘
09:45:14,3.45,0.0,51,17616.0,卖盘
09:45:17,3.45,0.0,298,102845.0,卖盘
09:45:45,3.44,0.0,113,38872.0,卖盘
09:45:48,3.44,0.0,729,250786.0,卖盘
09:45:51,3.44,0.0,327,112510.0,卖盘
09:45:54,3.45,0.010000000000000231,382,131438.0,买盘
09:45:57,3.43,-0.020000000000000018,664,228374.0,卖盘
09:46:00,3.43,0.0,247,84826.0,卖盘
09:46:04,3.44,0.009999999999999787,14,4816.0,买盘
09:46:07,3.43,-0.009999999999999787,128,44027.0,卖盘
09:46:11,3.43,0.0,10,3430.0,卖盘
09:46:14,3.44,0.009999999999999787,52,17869.0,买盘
09:46:17,3.44,0.0,352,121062.0,买盘
09:46:20,3.43,-0.009999999999999787,81,27826.0,卖盘
09:46:23,3.44,0.009999999999999787,490,168082.0,买盘
09:46:26,3.43,-0.009999999999999787,792,271665.0,卖盘
09:46:30,3.44,0.009999999999999787,8,2746.0,买盘
09:46:33,3.43,-0.009999999999999787,23,7911.0,卖盘
09:46:36,3.43,0.0,172,58996.0,卖盘
09:46:39,3.43,0.0,1282,439730.0,卖盘
09:46:42,3.43,0.0,772,264805.0,卖盘
09:46:45,3.43,0.0,147,50421.0,卖盘
09:46:48,3.43,0.0,33,11315.0,买盘
09:46:51,3.43,0.0,162,55506.0,买盘
09:46:54,3.42,-0.010000000000000231,191,65463.0,卖盘
09:46:57,3.43,0.010000000000000231,193,66121.0,买盘
09:47:00,3.43,0.0,4,1369.0,买盘
09:47:04,3.43,0.0,131,44833.0,买盘
09:47:08,3.43,0.0,50,17104.0,买盘
09:47:11,3.43,0.0,7,2401.0,买盘
09:47:14,3.43,0.0,27,9261.0,买盘
09:47:17,3.42,-0.010000000000000231,87,29778.0,卖盘
09:47:20,3.43,0.010000000000000231,69,23656.0,买盘
09:47:23,3.43,0.0,270,92558.0,卖盘
09:47:27,3.43,0.0,70,24010.0,卖盘
09:47:30,3.43,0.0,407,139601.0,卖盘
09:47:33,3.43,0.0,6601,2258901.0,买盘
09:47:36,3.43,0.0,171,58653.0,卖盘
09:47:39,3.42,-0.010000000000000231,154,52791.0,卖盘
09:47:42,3.43,0.010000000000000231,242,83006.0,买盘
09:47:45,3.43,0.0,265,90895.0,卖盘
09:47:48,3.43,0.0,149,51107.0,卖盘
09:47:51,3.43,0.0,604,207270.0,卖盘
09:47:54,3.43,0.0,166,56941.0,卖盘
09:47:57,3.44,0.009999999999999787,91,31238.0,买盘
09:48:00,3.43,-0.009999999999999787,31,10633.0,卖盘
09:48:04,3.43,0.0,47,16121.0,卖盘
09:48:08,3.43,0.0,472,162317.0,卖盘
09:48:11,3.44,0.009999999999999787,55,18895.0,买盘
09:48:14,3.43,-0.009999999999999787,23,7906.0,卖盘
09:48:17,3.44,0.009999999999999787,441,151695.0,买盘
09:48:20,3.44,0.0,193,66257.0,买盘
09:48:24,3.44,0.0,29,9976.0,卖盘
09:48:27,3.45,0.010000000000000231,35,12070.0,买盘
09:48:30,3.44,-0.010000000000000231,2,688.0,卖盘
09:48:33,3.45,0.010000000000000231,96,33034.0,买盘
09:48:36,3.45,0.0,11,3795.0,买盘
09:48:39,3.45,0.0,1,345.0,买盘
09:48:42,3.45,0.0,111,38195.0,买盘
09:48:45,3.44,-0.010000000000000231,84,28896.0,卖盘
09:48:48,3.44,0.0,1,344.0,卖盘
09:48:51,3.45,0.010000000000000231,262,90137.0,买盘
09:48:55,3.44,-0.010000000000000231,635,219071.0,卖盘
09:48:58,3.45,0.010000000000000231,3,1035.0,买盘
09:49:02,3.44,-0.010000000000000231,6,2064.0,卖盘
09:49:05,3.44,0.0,18,6194.0,卖盘
09:49:08,3.44,0.0,64,22069.0,卖盘
09:49:11,3.44,0.0,68,23452.0,卖盘
09:49:14,3.45,0.010000000000000231,33,11385.0,买盘
09:49:17,3.44,-0.010000000000000231,115,39563.0,卖盘
09:49:21,3.44,0.0,535,184060.0,卖盘
09:49:24,3.44,0.0,328,112909.0,卖盘
09:49:27,3.44,0.0,158,54365.0,卖盘
09:49:30,3.45,0.010000000000000231,702,241518.0,买盘
09:49:33,3.43,-0.020000000000000018,165,56743.0,卖盘
09:49:36,3.43,0.0,365,125698.0,卖盘
09:49:39,3.43,0.0,251,86241.0,卖盘
09:49:42,3.44,0.009999999999999787,13,4472.0,中性盘
09:49:45,3.44,0.0,38,13072.0,买盘
09:49:48,3.44,0.0,79,27171.0,买盘
09:49:52,3.44,0.0,12,4118.0,买盘
09:49:55,3.44,0.0,3,1032.0,买盘
09:49:58,3.43,-0.009999999999999787,240,82392.0,卖盘
09:50:02,3.44,0.009999999999999787,20,6880.0,买盘
09:50:05,3.43,-0.009999999999999787,46,15778.0,卖盘
09:50:08,3.43,0.0,34,11662.0,卖盘
09:50:11,3.44,0.009999999999999787,41,14064.0,买盘
09:50:14,3.44,0.0,122,41960.0,买盘
09:50:17,3.44,0.0,113,38772.0,买盘
09:50:21,3.43,-0.009999999999999787,13,4471.0,卖盘
09:50:24,3.44,0.009999999999999787,76,26078.0,买盘
09:50:27,3.44,0.0,51,17543.0,买盘
09:50:30,3.44,0.0,13,4462.0,买盘
09:50:33,3.44,0.0,66,22647.0,买盘
09:50:36,3.43,-0.009999999999999787,16,5492.0,卖盘
09:50:39,3.43,0.0,1,343.0,卖盘
09:50:42,3.43,0.0,1,343.0,卖盘
09:50:45,3.43,0.0,342,117319.0,卖盘
09:50:49,3.43,0.0,39,13377.0,卖盘
09:50:52,3.44,0.009999999999999787,135,46405.0,买盘
09:50:55,3.43,-0.009999999999999787,18,6174.0,卖盘
09:50:58,3.43,0.0,42,14445.0,卖盘
09:51:02,3.43,0.0,192,65891.0,卖盘
09:51:05,3.43,0.0,184,63266.0,卖盘
09:51:08,3.43,0.0,92,31563.0,卖盘
09:51:11,3.44,0.009999999999999787,74,25456.0,买盘
09:51:14,3.43,-0.009999999999999787,103,35329.0,卖盘
09:51:18,3.43,0.0,883,303069.0,卖盘
09:51:21,3.43,0.0,141,48473.0,卖盘
09:51:24,3.44,0.009999999999999787,174,59855.0,买盘
09:51:27,3.44,0.0,82,28208.0,买盘
09:51:30,3.44,0.0,161,55312.0,买盘
09:51:33,3.43,-0.009999999999999787,22,7551.0,卖盘
09:51:36,3.43,0.0,4,1372.0,卖盘
09:51:39,3.43,0.0,88,30184.0,卖盘
09:51:42,3.43,0.0,37,12725.0,卖盘
09:51:45,3.43,0.0,35,12005.0,卖盘
09:51:48,3.43,0.0,958,328594.0,卖盘
09:51:52,3.43,0.0,296,101733.0,卖盘
09:51:56,3.43,0.0,382,131026.0,卖盘
09:51:59,3.43,0.0,42,14406.0,卖盘
09:52:02,3.43,0.0,113,38766.0,卖盘
09:52:05,3.43,0.0,58,19894.0,卖盘
09:52:08,3.43,0.0,130,44590.0,卖盘
09:52:11,3.43,0.0,369,126567.0,卖盘
09:52:15,3.43,0.0,126,43318.0,卖盘
09:52:18,3.44,0.009999999999999787,354,121487.0,买盘
09:52:21,3.43,-0.009999999999999787,19,6517.0,卖盘
09:52:24,3.43,0.0,3,1029.0,卖盘
09:52:27,3.43,0.0,276,94673.0,卖盘
09:52:30,3.43,0.0,36,12379.0,卖盘
09:52:33,3.43,0.0,84,28855.0,卖盘
09:52:36,3.44,0.009999999999999787,279,95897.0,买盘
09:52:39,3.43,-0.009999999999999787,22,7555.0,卖盘
09:52:42,3.43,0.0,108,37051.0,卖盘
09:52:46,3.43,0.0,161,55272.0,卖盘
09:52:49,3.44,0.009999999999999787,3,1032.0,买盘
09:52:53,3.43,-0.009999999999999787,293,100499.0,卖盘
09:52:56,3.44,0.009999999999999787,3,1032.0,买盘
09:52:59,3.43,-0.009999999999999787,2821,967617.0,卖盘
09:53:02,3.43,0.0,532,182476.0,买盘
09:53:05,3.43,0.0,891,305573.0,买盘
09:53:08,3.43,0.0,862,295423.0,买盘
09:53:12,3.43,0.0,119,40734.0,买盘
09:53:15,3.43,0.0,471,161518.0,买盘
09:53:21,3.44,0.009999999999999787,132,45280.0,买盘
09:53:24,3.43,-0.009999999999999787,173,59340.0,卖盘
09:53:27,3.43,0.0,73,25039.0,卖盘
09:53:30,3.43,0.0,524,179732.0,卖盘
09:53:33,3.43,0.0,103,35354.0,卖盘
09:53:36,3.44,0.009999999999999787,61,20941.0,买盘
09:53:39,3.43,-0.009999999999999787,449,154057.0,卖盘
09:53:42,3.43,0.0,46,15778.0,买盘
09:53:49,3.43,0.0,442,151537.0,卖盘
09:53:56,3.43,0.0,5,1716.0,卖盘
09:53:59,3.44,0.009999999999999787,766,262840.0,买盘
09:54:02,3.44,0.0,28,9612.0,买盘
09:54:05,3.44,0.0,128,43945.0,买盘
09:54:08,3.42,-0.020000000000000018,926,317587.0,卖盘
09:54:12,3.43,0.010000000000000231,274,93982.0,买盘
09:54:15,3.43,0.0,151,51763.0,买盘
09:54:18,3.43,0.0,118,40474.0,买盘
09:54:21,3.43,0.0,41,14062.0,买盘
09:54:24,3.43,0.0,123,42188.0,买盘
09:54:27,3.42,-0.010000000000000231,77,26356.0,卖盘
09:54:30,3.42,0.0,21,7182.0,卖盘
09:54:33,3.42,0.0,101,34542.0,卖盘
09:54:36,3.42,0.0,69,23598.0,卖盘
09:54:39,3.42,0.0,120,41040.0,卖盘
09:54:43,3.42,0.0,257,88042.0,卖盘
09:54:46,3.42,0.0,113,38697.0,卖盘
09:54:50,3.42,0.0,109,37279.0,卖盘
09:54:53,3.42,0.0,8,2736.0,卖盘
09:54:56,3.43,0.010000000000000231,269,92000.0,买盘
09:54:59,3.42,-0.010000000000000231,352,120384.0,卖盘
09:55:02,3.42,0.0,81,27725.0,卖盘
09:55:06,3.42,0.0,108,36936.0,卖盘
09:55:09,3.42,0.0,5058,1729640.0,卖盘
09:55:12,3.42,0.0,9,3078.0,买盘
09:55:15,3.41,-0.009999999999999787,207,70707.0,卖盘
09:55:18,3.42,0.009999999999999787,504,172122.0,买盘
09:55:21,3.42,0.0,1243,425897.0,买盘
09:55:24,3.42,0.0,1525,521650.0,卖盘
09:55:27,3.42,0.0,71,24282.0,卖盘
09:55:30,3.43,0.010000000000000231,358,122636.0,买盘
09:55:33,3.42,-0.010000000000000231,173,59167.0,卖盘
09:55:36,3.42,0.0,51,17442.0,卖盘
09:55:40,3.43,0.010000000000000231,39,13377.0,买盘
09:55:43,3.43,0.0,159,54383.0,买盘
09:55:47,3.42,-0.010000000000000231,1,342.0,卖盘
09:55:50,3.42,0.0,118,40359.0,卖盘
09:55:56,3.42,0.0,274,93708.0,卖盘
09:55:59,3.42,0.0,193,66006.0,卖盘
09:56:02,3.42,0.0,99,33858.0,卖盘
09:56:06,3.42,0.0,70,23940.0,买盘
09:56:09,3.42,0.0,513,175440.0,买盘
09:56:12,3.42,0.0,256,87552.0,买盘
09:56:15,3.42,0.0,148,50616.0,买盘
09:56:18,3.41,-0.009999999999999787,578,197180.0,卖盘
09:56:21,3.42,0.009999999999999787,128,43758.0,买盘
09:56:24,3.42,0.0,44,15048.0,买盘
09:56:27,3.42,0.0,235,80366.0,买盘
09:56:30,3.41,-0.009999999999999787,414,141321.0,卖盘
09:56:34,3.43,0.020000000000000018,157,53767.0,买盘
09:56:37,3.42,-0.010000000000000231,7,2394.0,卖盘
09:56:44,3.42,0.0,62,21229.0,卖盘
09:56:47,3.42,0.0,123,42066.0,卖盘
09:56:53,3.42,0.0,24,8208.0,卖盘
09:56:56,3.42,0.0,227,77655.0,卖盘
09:56:59,3.42,0.0,186,63634.0,卖盘
09:57:03,3.42,0.0,43,14706.0,卖盘
09:57:06,3.42,0.0,1,342.0,卖盘
09:57:09,3.42,0.0,3,1027.0,卖盘
09:57:12,3.42,0.0,763,260946.0,卖盘
09:57:15,3.42,0.0,167,57114.0,卖盘
09:57:18,3.41,-0.009999999999999787,155,52982.0,卖盘
09:57:21,3.42,0.009999999999999787,187,63954.0,买盘
09:57:24,3.42,0.0,201,68742.0,卖盘
09:57:27,3.42,0.0,164,56088.0,卖盘
09:57:31,3.42,0.0,204,69846.0,卖盘
09:57:34,3.42,0.0,31,10602.0,卖盘
09:57:37,3.42,0.0,39,13338.0,卖盘
09:57:41,3.42,0.0,216,73872.0,卖盘
09:57:44,3.42,0.0,25,8550.0,卖盘
09:57:47,3.42,0.0,17,5814.0,卖盘
09:57:50,3.42,0.0,3,1028.0,卖盘
09:57:53,3.42,0.0,252,86185.0,卖盘
09:57:56,3.42,0.0,21,7182.0,卖盘
09:58:00,3.41,-0.009999999999999787,9801,3342791.900000006,卖盘
09:58:03,3.41,0.0,242,82322.0,买盘
09:58:06,3.4,-0.010000000000000231,51,17346.0,卖盘
09:58:09,3.4,0.0,227,77460.90000000596,卖盘
09:58:12,3.41,0.010000000000000231,235,80136.0,卖盘
09:58:15,3.41,0.0,228,77867.0,卖盘
09:58:18,3.41,0.0,47,16034.0,卖盘
09:58:21,3.41,0.0,202,68882.0,卖盘
09:58:24,3.42,0.009999999999999787,330,112590.0,买盘
09:58:27,3.41,-0.009999999999999787,1,341.0,卖盘
09:58:31,3.41,0.0,817,278597.0,卖盘
09:58:34,3.41,0.0,155,52855.0,卖盘
09:58:38,3.42,0.009999999999999787,612,209203.19999998808,买盘
09:58:41,3.41,-0.009999999999999787,114,39246.80000001192,卖盘
09:58:44,3.42,0.009999999999999787,65,22202.0,买盘
09:58:47,3.42,0.0,35,11965.0,买盘
09:58:53,3.41,-0.009999999999999787,47,16027.0,卖盘
09:58:57,3.42,0.009999999999999787,2,684.0,买盘
09:59:00,3.41,-0.009999999999999787,62,21180.0,卖盘
09:59:03,3.41,0.0,8,2728.0,卖盘
09:59:06,3.42,0.009999999999999787,30,10239.0,买盘
09:59:12,3.41,-0.009999999999999787,7,2387.0,卖盘
09:59:15,3.41,0.0,559,190626.0,卖盘
09:59:18,3.41,0.0,35,11935.0,卖盘
09:59:21,3.42,0.009999999999999787,93,31763.0,买盘
09:59:24,3.41,-0.009999999999999787,100,34117.0,卖盘
09:59:28,3.42,0.009999999999999787,136,46511.0,买盘
09:59:30,3.41,-0.009999999999999787,207,70587.0,卖盘
09:59:34,3.42,0.009999999999999787,179,61218.0,买盘
09:59:38,3.42,0.0,189,64456.0,买盘
09:59:41,3.42,0.0,2,684.0,买盘
09:59:44,3.42,0.0,58,19836.0,买盘
09:59:47,3.41,-0.009999999999999787,110,37560.0,卖盘
09:59:50,3.41,0.0,47,16052.0,卖盘
09:59:53,3.41,0.0,274,93537.0,卖盘
09:59:57,3.42,0.009999999999999787,49,16733.0,买盘
10:00:00,3.41,-0.009999999999999787,1765,601402.0,卖盘
10:00:03,3.41,0.0,20,6820.0,卖盘
10:00:06,3.41,0.0,17,5797.0,买盘
10:00:09,3.41,0.0,288,98208.0,买盘
10:00:12,3.42,0.009999999999999787,466,159063.0,买盘
10:00:15,3.42,0.0,219,74688.0,买盘
10:00:18,3.42,0.0,3,1025.0,买盘
10:00:21,3.41,-0.009999999999999787,647,220647.0,卖盘
10:00:24,3.42,0.009999999999999787,152,51968.0,买盘
10:00:28,3.41,-0.009999999999999787,21,7167.0,卖盘
10:00:32,3.42,0.009999999999999787,118,40288.0,买盘
10:00:35,3.42,0.0,506,173052.0,买盘
10:00:38,3.42,0.0,273,93365.0,买盘
10:00:41,3.43,0.010000000000000231,326,111611.19999998808,买盘
10:00:44,3.42,-0.010000000000000231,610,208338.90000000596,卖盘
10:00:47,3.42,0.0,396,135677.0,卖盘
10:00:51,3.43,0.010000000000000231,302,103586.0,买盘
10:00:54,3.44,0.009999999999999787,76,26117.0,买盘
10:00:57,3.44,0.0,276,94902.0,买盘
10:01:00,3.44,0.0,821,282194.0,买盘
10:01:03,3.45,0.010000000000000231,481,165470.0,买盘
10:01:06,3.45,0.0,761,262526.0,买盘
10:01:09,3.44,-0.010000000000000231,216,74384.0,卖盘
10:01:12,3.45,0.010000000000000231,1,345.0,买盘
10:01:15,3.45,0.0,218,75210.0,买盘
10:01:19,3.45,0.0,229,78997.0,买盘
10:01:22,3.44,-0.010000000000000231,16,5512.0,卖盘
10:01:26,3.45,0.010000000000000231,80,27600.0,买盘
10:01:29,3.45,0.0,100,34500.0,买盘
10:01:32,3.45,0.0,67,23101.0,买盘
10:01:35,3.44,-0.010000000000000231,63,21692.0,卖盘
10:01:38,3.45,0.010000000000000231,34,11720.0,买盘
10:01:41,3.44,-0.010000000000000231,480,165420.0,卖盘
10:01:44,3.45,0.010000000000000231,58,19970.0,买盘
10:01:48,3.45,0.0,296,101997.0,买盘
10:01:51,3.45,0.0,57,19630.0,买盘
10:01:54,3.44,-0.010000000000000231,3,1034.0,卖盘
10:01:57,3.45,0.010000000000000231,118,40688.0,买盘
10:02:00,3.45,0.0,416,143520.0,买盘
10:02:03,3.44,-0.010000000000000231,276,95085.0,卖盘
10:02:06,3.44,0.0,39,13416.0,卖盘
10:02:09,3.44,0.0,233,80152.0,卖盘
10:02:12,3.44,0.0,540,185776.0,卖盘
10:02:15,3.44,0.0,1084,373194.0,卖盘
10:02:19,3.44,0.0,455,156520.0,卖盘
10:02:22,3.44,0.0,62,21328.0,卖盘
10:02:29,3.43,-0.009999999999999787,11,3774.0,卖盘
10:02:32,3.44,0.009999999999999787,43,14789.0,买盘
10:02:35,3.44,0.0,4,1376.0,买盘
10:02:45,3.43,-0.009999999999999787,558,191394.0,卖盘
10:02:48,3.43,0.0,33,11319.0,卖盘
10:02:51,3.43,0.0,55,18875.0,卖盘
10:02:57,3.43,0.0,203,69778.0,卖盘
10:03:03,3.43,0.0,122,41952.0,卖盘
10:03:06,3.43,0.0,74,25382.0,卖盘
10:03:09,3.44,0.009999999999999787,45,15479.0,买盘
10:03:12,3.44,0.0,22,7568.0,买盘
10:03:15,3.43,-0.009999999999999787,3,1029.0,卖盘
10:03:19,3.44,0.009999999999999787,130,44720.0,买盘
10:03:26,3.43,-0.009999999999999787,14,4802.0,卖盘
10:03:32,3.43,0.0,77,26411.0,卖盘
10:03:35,3.44,0.009999999999999787,14,4806.0,买盘
10:03:38,3.43,-0.009999999999999787,147,50422.0,卖盘
10:03:42,3.44,0.009999999999999787,42,14416.0,买盘
10:03:44,3.43,-0.009999999999999787,105,36015.0,卖盘
10:03:48,3.43,0.0,5,1715.0,卖盘
10:03:51,3.43,0.0,52,17836.0,卖盘
10:03:54,3.44,0.009999999999999787,2,687.0,买盘
10:03:57,3.44,0.0,39,13382.0,买盘
10:04:00,3.43,-0.009999999999999787,16,5488.0,卖盘
10:04:03,3.43,0.0,9,3087.0,卖盘
10:04:06,3.43,0.0,76,26070.0,卖盘
10:04:09,3.43,0.0,50,17150.0,卖盘
10:04:13,3.43,0.0,49,16819.0,卖盘
10:04:16,3.43,0.0,58,19894.0,卖盘
10:04:19,3.43,0.0,102,34986.0,卖盘
10:04:23,3.43,0.0,10,3430.0,卖盘
10:04:26,3.43,0.0,739,253551.0,卖盘
10:04:29,3.43,0.0,38,13034.0,卖盘
10:04:32,3.43,0.0,3,1029.0,卖盘
10:04:35,3.44,0.009999999999999787,12,4120.0,买盘
10:04:38,3.44,0.0,33,11349.0,买盘
10:04:42,3.43,-0.009999999999999787,191,65541.0,卖盘
10:04:45,3.43,0.0,106,36386.0,卖盘
10:04:48,3.43,0.0,26,8918.0,卖盘
10:04:51,3.44,0.009999999999999787,17,5836.0,买盘
10:04:54,3.43,-0.009999999999999787,26,8918.0,卖盘
10:04:57,3.43,0.0,131,44933.0,卖盘
10:05:00,3.43,0.0,1142,391548.0,卖盘
10:05:03,3.43,0.0,70,24010.0,买盘
10:05:06,3.42,-0.010000000000000231,14,4800.0,卖盘
10:05:09,3.43,0.010000000000000231,1,343.0,买盘
10:05:13,3.43,0.0,98,33558.0,买盘
10:05:16,3.43,0.0,24,8232.0,买盘
10:05:20,3.43,0.0,7,2401.0,买盘
10:05:23,3.42,-0.010000000000000231,361,123473.0,卖盘
10:05:26,3.42,0.0,8,2736.0,卖盘
10:05:29,3.42,0.0,2099,717816.0,卖盘
10:05:32,3.42,0.0,44,15052.0,卖盘
10:05:35,3.42,0.0,2042,696501.0,卖盘
10:05:39,3.41,-0.009999999999999787,246,83992.0,卖盘
10:05:42,3.42,0.009999999999999787,2065,705102.0,卖盘
10:05:45,3.41,-0.009999999999999787,283,96936.0,卖盘
10:05:51,3.42,0.009999999999999787,2314,788322.0,卖盘
10:05:54,3.4,-0.020000000000000018,1202,409156.0,卖盘
10:05:57,3.42,0.020000000000000018,311,106103.0,买盘
10:06:00,3.41,-0.009999999999999787,183,62468.0,卖盘
10:06:03,3.41,0.0,64,21844.0,卖盘
10:06:07,3.41,0.0,30,10240.0,卖盘
10:06:09,3.42,0.009999999999999787,185,63181.0,买盘
10:06:13,3.41,-0.009999999999999787,188,64150.0,卖盘
10:06:17,3.41,0.0,37,12617.0,卖盘
10:06:20,3.42,0.009999999999999787,63,21522.0,买盘
10:06:23,3.42,0.0,50,17100.0,买盘
10:06:26,3.42,0.0,834,285220.0,买盘
10:06:29,3.42,0.0,14,4788.0,买盘
10:06:32,3.42,0.0,66,22572.0,买盘
10:06:36,3.41,-0.009999999999999787,30,10232.0,卖盘
10:06:39,3.42,0.009999999999999787,46,15700.0,买盘
10:06:42,3.41,-0.009999999999999787,46,15714.0,卖盘
10:06:44,3.41,0.0,209,71323.0,卖盘
10:06:48,3.42,0.009999999999999787,306,104535.0,买盘
10:06:51,3.41,-0.009999999999999787,1247,426354.0,卖盘
10:06:54,3.41,0.0,191,65267.0,卖盘
10:06:57,3.41,0.0,207,70654.0,卖盘
10:07:00,3.41,0.0,84,28700.0,卖盘
10:07:03,3.42,0.009999999999999787,60,20520.0,买盘
10:07:06,3.42,0.0,8,2736.0,卖盘
10:07:10,3.42,0.0,27,9249.0,卖盘
10:07:14,3.42,0.0,39,13338.0,卖盘
10:07:17,3.42,0.0,77,26334.0,卖盘
10:07:20,3.42,0.0,39,13338.0,卖盘
10:07:23,3.42,0.0,84,28736.0,卖盘
10:07:26,3.42,0.0,243,83106.0,卖盘
10:07:29,3.42,0.0,40,13680.0,卖盘
10:07:33,3.43,0.010000000000000231,130,44473.0,买盘
10:07:36,3.43,0.0,35,11990.0,买盘
10:07:39,3.42,-0.010000000000000231,194,66348.0,卖盘
10:07:42,3.43,0.010000000000000231,63,21609.0,买盘
10:07:45,3.42,-0.010000000000000231,55,18839.0,卖盘
10:07:48,3.42,0.0,114,39095.0,卖盘
10:07:51,3.42,0.0,103,35236.0,卖盘
10:07:54,3.43,0.010000000000000231,201,68916.0,买盘
10:07:57,3.42,-0.010000000000000231,73,25026.0,卖盘
10:08:00,3.42,0.0,532,181944.0,卖盘
10:08:04,3.42,0.0,100,34200.0,买盘
10:08:07,3.42,0.0,87,29754.0,买盘
10:08:11,3.42,0.0,67,22914.0,买盘
10:08:14,3.42,0.0,47,16068.0,买盘
10:08:17,3.42,0.0,151,51608.0,买盘
10:08:20,3.42,0.0,64,21888.0,卖盘
10:08:23,3.42,0.0,12,4104.0,卖盘
10:08:26,3.42,0.0,31,10602.0,卖盘
10:08:33,3.42,0.0,203,69429.0,卖盘
10:08:36,3.42,0.0,231,79002.0,卖盘
10:08:39,3.42,0.0,129,44121.0,卖盘
10:08:42,3.42,0.0,114,38988.0,卖盘
10:08:45,3.42,0.0,397,135824.0,卖盘
10:08:48,3.42,0.0,47,16074.0,买盘
10:08:51,3.41,-0.009999999999999787,25,8540.0,卖盘
10:08:54,3.41,0.0,14,4786.0,卖盘
10:08:57,3.42,0.009999999999999787,99,33773.0,买盘
10:09:00,3.41,-0.009999999999999787,179,61039.0,卖盘
10:09:04,3.41,0.0,13,4433.0,卖盘
10:09:07,3.41,0.0,79,27011.0,卖盘
10:09:11,3.41,0.0,829,282749.0,卖盘
10:09:14,3.41,0.0,14,4774.0,卖盘
10:09:17,3.41,0.0,103,35123.0,卖盘
10:09:20,3.41,0.0,238,81358.0,卖盘
10:09:23,3.41,0.0,60,20460.0,卖盘
10:09:27,3.42,0.009999999999999787,37,12641.0,买盘
10:09:30,3.41,-0.009999999999999787,132,45022.0,卖盘
10:09:33,3.41,0.0,4,1364.0,卖盘
10:09:36,3.42,0.009999999999999787,148,50589.0,买盘
10:09:39,3.42,0.0,463,158044.0,买盘
10:09:42,3.41,-0.009999999999999787,10,3410.0,卖盘
10:09:45,3.42,0.009999999999999787,20,6840.0,买盘
10:09:48,3.41,-0.009999999999999787,118,40274.0,卖盘
10:09:51,3.42,0.009999999999999787,128,43776.0,买盘
10:09:54,3.42,0.0,20,6838.0,买盘
10:09:57,3.42,0.0,38,12991.0,买盘
10:10:01,3.42,0.0,46,15732.0,买盘
10:10:03,3.42,0.0,353,120697.0,买盘
10:10:08,3.42,0.0,39,13338.0,卖盘
10:10:11,3.42,0.0,5,1710.0,卖盘
10:10:14,3.42,0.0,18,6156.0,卖盘
10:10:17,3.42,0.0,188,64296.0,卖盘
10:10:21,3.42,0.0,173,59191.0,卖盘
10:10:24,3.42,0.0,10,3420.0,卖盘
10:10:27,3.42,0.0,47,16074.0,卖盘
10:10:30,3.42,0.0,149,50958.0,卖盘
10:10:33,3.42,0.0,319,109098.0,卖盘
10:10:36,3.42,0.0,277,94734.0,卖盘
10:10:39,3.42,0.0,258,88236.0,买盘
10:10:42,3.42,0.0,147,50274.0,买盘
10:10:45,3.42,0.0,39,13338.0,买盘
10:10:48,3.42,0.0,183,62586.0,买盘
10:10:52,3.42,0.0,32,10944.0,买盘
10:10:55,3.42,0.0,191,65322.0,买盘
10:10:58,3.41,-0.009999999999999787,54,18463.0,卖盘
10:11:02,3.41,0.0,179,61175.0,卖盘
10:11:05,3.41,0.0,144,49230.0,卖盘
10:11:08,3.41,0.0,22,7510.0,卖盘
10:11:11,3.41,0.0,195,66587.0,卖盘
10:11:14,3.41,0.0,20,6833.0,卖盘
10:11:17,3.41,0.0,93,31752.0,卖盘
10:11:21,3.41,0.0,73,24904.0,卖盘
10:11:24,3.41,0.0,243,83067.0,卖盘
10:11:27,3.41,0.0,321,109566.0,卖盘
10:11:30,3.41,0.0,7,2389.0,卖盘
10:11:33,3.41,0.0,132,45050.0,卖盘
10:11:36,3.42,0.009999999999999787,205,70061.0,买盘
10:11:39,3.42,0.0,394,134532.0,买盘
10:11:42,3.42,0.0,493,168203.0,买盘
10:11:45,3.42,0.0,33,11286.0,买盘
10:11:48,3.41,-0.009999999999999787,49,16714.0,卖盘
10:11:52,3.41,0.0,45,15345.0,卖盘
10:11:55,3.42,0.009999999999999787,19,6491.0,买盘
10:11:59,3.42,0.0,247,84439.0,买盘
10:12:02,3.42,0.0,57,19494.0,卖盘
10:12:05,3.42,0.0,207,70794.0,卖盘
10:12:08,3.42,0.0,14,4789.0,卖盘
10:12:11,3.42,0.0,311,106462.0,卖盘
10:12:15,3.42,0.0,71,24293.0,卖盘
10:12:18,3.42,0.0,58,19860.0,卖盘
10:12:21,3.42,0.0,74,25312.0,卖盘
10:12:24,3.42,0.0,59,20196.0,卖盘
10:12:27,3.42,0.0,455,155954.0,卖盘
10:12:30,3.42,0.0,261,89263.0,卖盘
10:12:33,3.42,0.0,171,58493.0,卖盘
10:12:36,3.42,0.0,23,7866.0,卖盘
10:12:39,3.42,0.0,39,13339.0,卖盘
10:12:42,3.42,0.0,101,34542.0,卖盘
10:12:46,3.42,0.0,315,108010.0,卖盘
10:12:49,3.42,0.0,132,45144.0,卖盘
10:12:52,3.42,0.0,15,5130.0,卖盘
10:12:55,3.42,0.0,55,18810.0,卖盘
10:12:59,3.42,0.0,28,9576.0,卖盘
10:13:02,3.42,0.0,72,24624.0,卖盘
10:13:05,3.43,0.010000000000000231,1916,657155.0,买盘
10:13:08,3.43,0.0,196,67228.0,卖盘
10:13:11,3.43,0.0,150,51450.0,卖盘
10:13:15,3.43,0.0,91,31213.0,卖盘
10:13:18,3.43,0.0,53,18189.0,卖盘
10:13:21,3.43,0.0,106,36392.0,卖盘
10:13:24,3.43,0.0,19,6519.0,卖盘
10:13:27,3.43,0.0,36,12353.0,卖盘
10:13:30,3.43,0.0,833,285719.0,卖盘
10:13:33,3.43,0.0,24,8232.0,卖盘
10:13:36,3.43,0.0,208,71228.0,卖盘
10:13:43,3.42,-0.010000000000000231,41,14022.0,卖盘
10:13:46,3.42,0.0,16,5482.0,卖盘
10:13:49,3.42,0.0,1,342.0,卖盘
10:13:53,3.42,0.0,20,6840.0,卖盘
10:13:56,3.42,0.0,13,4446.0,卖盘
10:13:59,3.42,0.0,30,10260.0,卖盘
10:14:02,3.43,0.010000000000000231,325,111153.0,买盘
10:14:05,3.42,-0.010000000000000231,76,25993.0,卖盘
10:14:08,3.43,0.010000000000000231,12,4116.0,买盘
10:14:12,3.43,0.0,188,64353.0,买盘
10:14:15,3.42,-0.010000000000000231,25,8570.0,卖盘
10:14:18,3.42,0.0,25,8550.0,卖盘
10:14:21,3.42,0.0,136,46512.0,卖盘
10:14:24,3.42,0.0,96,32834.0,卖盘
10:14:27,3.42,0.0,67,22917.0,卖盘
10:14:30,3.42,0.0,157,53702.0,卖盘
10:14:33,3.42,0.0,67,22937.0,卖盘
10:14:36,3.43,0.010000000000000231,2,685.0,买盘
10:14:40,3.42,-0.010000000000000231,108,36936.0,卖盘
10:14:43,3.42,0.0,29,9934.0,卖盘
10:14:46,3.42,0.0,14,4788.0,卖盘
10:14:50,3.42,0.0,81,27756.0,卖盘
10:14:53,3.42,0.0,26,8892.0,卖盘
10:14:56,3.42,0.0,20,6840.0,卖盘
10:14:59,3.43,0.010000000000000231,94,32222.0,买盘
10:15:02,3.42,-0.010000000000000231,142,48564.0,卖盘
10:15:05,3.42,0.0,12,4104.0,卖盘
10:15:08,3.42,0.0,30,10260.0,卖盘
10:15:12,3.42,0.0,52,17784.0,卖盘
10:15:15,3.42,0.0,170,58140.0,卖盘
10:15:18,3.42,0.0,152,51984.0,卖盘
10:15:21,3.43,0.010000000000000231,49,16759.0,买盘
10:15:24,3.42,-0.010000000000000231,167,57114.0,卖盘
10:15:27,3.42,0.0,623,213069.0,卖盘
10:15:30,3.42,0.0,196,67082.0,卖盘
10:15:33,3.42,0.0,118,40356.0,卖盘
10:15:36,3.42,0.0,324,110614.0,买盘
10:15:40,3.42,0.0,68,23236.0,买盘
10:15:43,3.41,-0.009999999999999787,98,33506.0,卖盘
10:15:46,3.41,0.0,102,34881.0,卖盘
10:15:50,3.41,0.0,27,9218.0,卖盘
10:15:53,3.41,0.0,10,3412.0,卖盘
10:15:56,3.42,0.009999999999999787,136,46472.0,买盘
10:15:59,3.42,0.0,2,684.0,买盘
10:16:02,3.41,-0.009999999999999787,44,15004.0,卖盘
10:16:05,3.41,0.0,33,11266.0,卖盘
10:16:09,3.41,0.0,131,44672.0,卖盘
10:16:12,3.41,0.0,143,48863.0,卖盘
10:16:15,3.41,0.0,4,1364.0,卖盘
10:16:18,3.41,0.0,18,6138.0,卖盘
10:16:21,3.41,0.0,122,41602.0,卖盘
10:16:24,3.41,0.0,104,35464.0,卖盘
10:16:27,3.42,0.009999999999999787,347,118631.0,买盘
10:16:30,3.42,0.0,379,129542.0,买盘
10:16:33,3.41,-0.009999999999999787,117,39913.0,卖盘
10:16:37,3.41,0.0,2,683.0,卖盘
10:16:40,3.41,0.0,113,38543.0,卖盘
10:16:43,3.41,0.0,25,8525.0,卖盘
10:16:47,3.41,0.0,51,17391.0,卖盘
10:16:50,3.42,0.009999999999999787,17,5810.0,买盘
10:16:56,3.42,0.0,55,18810.0,买盘
10:17:02,3.41,-0.009999999999999787,5555,1894266.0,卖盘
10:17:06,3.41,0.0,69,23529.0,买盘
10:17:09,3.41,0.0,66,22472.0,买盘
10:17:12,3.41,0.0,2,682.0,买盘
10:17:15,3.4,-0.010000000000000231,182,61900.0,卖盘
10:17:18,3.4,0.0,331,112607.0,卖盘
10:17:21,3.4,0.0,19,6460.0,卖盘
10:17:24,3.4,0.0,30,10200.0,卖盘
10:17:27,3.41,0.010000000000000231,53,18061.0,买盘
10:17:31,3.4,-0.010000000000000231,1797,611164.0,卖盘
10:17:34,3.4,0.0,51,17340.0,卖盘
10:17:37,3.41,0.010000000000000231,601,204659.0,买盘
10:17:41,3.41,0.0,115,39201.0,买盘
10:17:44,3.4,-0.010000000000000231,37,12583.0,卖盘
10:17:47,3.4,0.0,102,34683.0,卖盘
10:17:50,3.4,0.0,169,57599.0,卖盘
10:17:53,3.4,0.0,93,31620.0,卖盘
10:17:56,3.41,0.010000000000000231,97,33043.0,买盘
10:18:00,3.4,-0.010000000000000231,175,59503.0,卖盘
10:18:03,3.4,0.0,121,41154.0,卖盘
10:18:06,3.4,0.0,26,8840.0,卖盘
10:18:09,3.4,0.0,231,78541.0,卖盘
10:18:12,3.4,0.0,629,213863.0,卖盘
10:18:15,3.4,0.0,355,121000.0,卖盘
10:18:18,3.4,0.0,156,53054.0,卖盘
10:18:21,3.41,0.010000000000000231,1714,584458.0,买盘
10:18:24,3.41,0.0,106,36152.0,卖盘
10:18:28,3.41,0.0,6,2046.0,卖盘
10:18:31,3.41,0.0,39,13299.0,卖盘
10:18:34,3.41,0.0,430,146677.0,卖盘
10:18:38,3.41,0.0,135,46035.0,卖盘
10:18:41,3.41,0.0,179,61039.0,卖盘
10:18:44,3.41,0.0,271,92411.0,卖盘
10:18:47,3.41,0.0,108,36848.0,卖盘
10:18:50,3.41,0.0,190,64807.0,卖盘
10:18:54,3.41,0.0,16,5456.0,卖盘
10:18:57,3.41,0.0,45,15345.0,卖盘
10:19:00,3.41,0.0,91,31032.0,卖盘
10:19:03,3.41,0.0,10,3410.0,卖盘
10:19:06,3.42,0.009999999999999787,69,23563.0,买盘
10:19:09,3.41,-0.009999999999999787,193,65818.0,卖盘
10:19:12,3.41,0.0,18,6138.0,卖盘
10:19:15,3.41,0.0,80,27280.0,卖盘
10:19:18,3.41,0.0,51,17391.0,卖盘
10:19:22,3.41,0.0,172,58783.0,卖盘
10:19:25,3.41,0.0,17,5803.0,卖盘
10:19:28,3.41,0.0,8,2728.0,卖盘
10:19:32,3.41,0.0,73,24893.0,卖盘
10:19:35,3.41,0.0,113,38533.0,卖盘
10:19:38,3.4,-0.010000000000000231,204,69552.0,卖盘
10:19:41,3.41,0.010000000000000231,187,63767.0,买盘
10:19:44,3.42,0.009999999999999787,10,3418.0,买盘
10:19:47,3.4,-0.020000000000000018,188,64065.0,卖盘
10:19:51,3.4,0.0,82,28027.0,卖盘
10:19:54,3.41,0.010000000000000231,129,43885.0,买盘
10:19:57,3.41,0.0,375,127547.0,买盘
10:20:00,3.41,0.0,33,11253.0,买盘
10:20:03,3.41,0.0,54,18414.0,买盘
10:20:06,3.41,0.0,183,62310.0,买盘
10:20:09,3.41,0.0,8,2728.0,买盘
10:20:12,3.41,0.0,150,51030.0,买盘
10:20:15,3.4,-0.010000000000000231,267,90996.0,卖盘
10:20:19,3.41,0.010000000000000231,116,39500.0,买盘
10:20:22,3.4,-0.010000000000000231,47,15980.0,卖盘
10:20:25,3.4,0.0,266,90605.0,卖盘
10:20:29,3.4,0.0,208,70721.0,卖盘
10:20:32,3.41,0.010000000000000231,330,112342.0,买盘
10:20:35,3.41,0.0,347,117984.0,买盘
10:20:38,3.41,0.0,145,49445.0,买盘
10:20:41,3.41,0.0,103,35023.0,买盘
10:20:44,3.41,0.0,203,69124.0,买盘
10:20:48,3.41,0.0,30,10230.0,买盘
10:20:51,3.41,0.0,6,2046.0,买盘
10:20:54,3.41,0.0,22,7492.0,买盘
10:20:57,3.41,0.0,106,36146.0,买盘
10:21:00,3.41,0.0,158,53735.0,买盘
10:21:03,3.4,-0.010000000000000231,658,223800.0,卖盘
10:21:06,3.4,0.0,75,25500.0,卖盘
10:21:09,3.4,0.0,39,13263.0,卖盘
10:21:12,3.4,0.0,88,29944.0,卖盘
10:21:16,3.4,0.0,647,219980.0,卖盘
10:21:19,3.4,0.0,1798,611455.0,卖盘
10:21:22,3.4,0.0,298,101370.0,卖盘
10:21:26,3.4,0.0,1134,385560.0,卖盘
10:21:29,3.4,0.0,817,277780.0,卖盘
10:21:32,3.4,0.0,207,70380.0,卖盘
10:21:35,3.4,0.0,53,18020.0,卖盘
10:21:38,3.4,0.0,608,206720.0,卖盘
10:21:41,3.4,0.0,6860,2332400.0,卖盘
10:21:48,3.4,0.0,100,34000.0,买盘
10:21:51,3.39,-0.009999999999999787,794,269257.0,卖盘
10:21:54,3.39,0.0,124,42050.0,卖盘
10:21:57,3.39,0.0,1052,356740.0,卖盘
10:22:00,3.39,0.0,75,25427.0,卖盘
10:22:03,3.39,0.0,209,70852.0,卖盘
10:22:06,3.39,0.0,200,67804.0,卖盘
10:22:09,3.4,0.009999999999999787,279,94627.0,买盘
10:22:12,3.39,-0.009999999999999787,476,161417.0,卖盘
10:22:16,3.4,0.009999999999999787,733,249032.0,买盘
10:22:19,3.39,-0.009999999999999787,103,34984.0,卖盘
10:22:22,3.4,0.009999999999999787,184,62411.0,买盘
10:22:26,3.4,0.0,37,12560.0,买盘
10:22:29,3.39,-0.009999999999999787,98,33233.0,卖盘
10:22:32,3.4,0.009999999999999787,393,133308.0,买盘
10:22:35,3.39,-0.009999999999999787,106,35934.0,卖盘
10:22:38,3.39,0.0,214,72546.0,卖盘
10:22:41,3.39,0.0,138,46825.0,卖盘
10:22:45,3.39,0.0,107,36282.0,卖盘
10:22:48,3.4,0.009999999999999787,217,73606.0,买盘
10:22:51,3.39,-0.009999999999999787,300,101920.0,卖盘
10:22:54,3.39,0.0,812,275268.0,卖盘
10:22:57,3.39,0.0,80,27149.0,卖盘
10:23:00,3.39,0.0,377,128040.0,卖盘
10:23:03,3.4,0.009999999999999787,346,117386.0,买盘
10:23:06,3.39,-0.009999999999999787,44,14919.0,卖盘
10:23:09,3.39,0.0,105,35595.0,卖盘
10:23:13,3.39,0.0,104,35308.0,卖盘
10:23:16,3.39,0.0,108,36612.0,卖盘
10:23:19,3.4,0.009999999999999787,101,34338.0,买盘
10:23:23,3.39,-0.009999999999999787,585,198352.0,卖盘
10:23:26,3.39,0.0,64,21699.0,卖盘
10:23:29,3.39,0.0,199,67531.0,卖盘
10:23:32,3.39,0.0,630,213571.0,卖盘
10:23:35,3.39,0.0,17,5763.0,卖盘
10:23:38,3.39,0.0,574,194597.0,卖盘
10:23:41,3.39,0.0,109,36985.0,卖盘
10:23:45,3.39,0.0,185,62718.0,卖盘
10:23:48,3.4,0.009999999999999787,675,229110.0,买盘
10:23:51,3.4,0.0,337,114503.0,买盘
10:23:54,3.4,0.0,113,38320.0,买盘
10:23:57,3.39,-0.009999999999999787,27,9153.0,卖盘
10:24:00,3.39,0.0,40,13568.0,卖盘
10:24:03,3.39,0.0,44,14921.0,卖盘
10:24:06,3.4,0.009999999999999787,162,55031.0,买盘
10:24:10,3.4,0.0,52,17629.0,买盘
10:24:13,3.4,0.0,163,55416.0,买盘
10:24:16,3.39,-0.009999999999999787,1218,414094.0,卖盘
10:24:19,3.4,0.009999999999999787,67,22775.0,买盘
10:24:23,3.4,0.0,48,16315.0,买盘
10:24:26,3.39,-0.009999999999999787,129,43774.0,卖盘
10:24:29,3.4,0.009999999999999787,151,51337.0,买盘
10:24:32,3.39,-0.009999999999999787,426,144777.0,卖盘
10:24:35,3.39,0.0,12,4068.0,卖盘
10:24:38,3.4,0.009999999999999787,131,44511.0,买盘
10:24:42,3.4,0.0,130,44141.0,买盘
10:24:44,3.39,-0.009999999999999787,276,93799.0,卖盘
10:24:48,3.39,0.0,240,81426.0,卖盘
10:24:51,3.4,0.009999999999999787,127,43178.0,买盘
10:24:54,3.4,0.0,194,65960.0,买盘
10:24:57,3.4,0.0,297,100980.0,买盘
10:25:00,3.4,0.0,83,28168.0,买盘
10:25:03,3.4,0.0,47,15980.0,买盘
10:25:07,3.4,0.0,118,40083.0,买盘
10:25:10,3.4,0.0,32,10859.0,买盘
10:25:13,3.4,0.0,135,45900.0,买盘
10:25:17,3.4,0.0,369,125421.0,买盘
10:25:20,3.39,-0.009999999999999787,462,157058.0,卖盘
10:25:23,3.39,0.0,191,64872.0,卖盘
10:25:26,3.4,0.009999999999999787,263,89205.0,买盘
10:25:29,3.4,0.0,182,61851.0,买盘
10:25:32,3.4,0.0,20,6800.0,买盘
10:25:36,3.39,-0.009999999999999787,189,64071.0,卖盘
10:25:39,3.4,0.009999999999999787,263,89192.0,买盘
10:25:42,3.39,-0.009999999999999787,106,35943.0,卖盘
10:25:45,3.39,0.0,4,1356.0,卖盘
10:25:48,3.39,0.0,192,65088.0,卖盘
10:25:51,3.39,0.0,108,36646.0,卖盘
10:25:54,3.39,0.0,122,41424.0,卖盘
10:25:57,3.39,0.0,414,140400.0,卖盘
10:26:00,3.39,0.0,108,36612.0,卖盘
10:26:04,3.4,0.009999999999999787,112,38073.0,买盘
10:26:06,3.39,-0.009999999999999787,2448,829872.0,卖盘
10:26:10,3.4,0.009999999999999787,291,98837.0,买盘
10:26:16,3.39,-0.009999999999999787,41,13938.0,卖盘
10:26:20,3.4,0.009999999999999787,68,23110.0,买盘
10:26:23,3.39,-0.009999999999999787,66,22377.0,卖盘
10:26:26,3.4,0.009999999999999787,235,79856.0,买盘
10:26:29,3.4,0.0,29,9860.0,买盘
10:26:32,3.4,0.0,152,51658.0,买盘
10:26:36,3.39,-0.009999999999999787,25,8477.0,卖盘
10:26:39,3.4,0.009999999999999787,601,203749.0,买盘
10:26:42,3.39,-0.009999999999999787,205,69510.0,卖盘
10:26:45,3.39,0.0,28,9492.0,卖盘
10:26:48,3.39,0.0,192,65217.0,卖盘
10:26:51,3.4,0.009999999999999787,111,37703.0,买盘
10:26:54,3.4,0.0,14,4753.0,买盘
10:26:57,3.4,0.0,15,5100.0,买盘
10:27:00,3.4,0.0,11,3740.0,买盘
10:27:04,3.4,0.0,35,11877.0,买盘
10:27:07,3.4,0.0,189,64188.0,买盘
10:27:10,3.4,0.0,39,13249.0,买盘
10:27:14,3.4,0.0,44,14959.0,买盘
10:27:17,3.4,0.0,175,59368.0,买盘
10:27:20,3.4,0.0,119,40459.0,买盘
10:27:23,3.4,0.0,28,9520.0,买盘
10:27:26,3.39,-0.009999999999999787,1011,342785.0,卖盘
10:27:29,3.39,0.0,230,77989.0,卖盘
10:27:33,3.4,0.009999999999999787,130,44093.0,买盘
10:27:36,3.39,-0.009999999999999787,113,38365.0,卖盘
10:27:39,3.39,0.0,195,66105.0,卖盘
10:27:42,3.39,0.0,44,14945.0,卖盘
10:27:44,3.39,0.0,173,58663.0,卖盘
10:27:48,3.39,0.0,262,88862.0,卖盘
10:27:51,3.4,0.009999999999999787,67,22779.0,买盘
10:27:54,3.39,-0.009999999999999787,78,26442.0,卖盘
10:27:57,3.39,0.0,126,42791.0,卖盘
10:28:01,3.39,0.0,203,68998.0,卖盘
10:28:04,3.39,0.0,167,56630.0,卖盘
10:28:07,3.39,0.0,139,47124.0,卖盘
10:28:11,3.4,0.009999999999999787,124,42157.0,买盘
10:28:14,3.4,0.0,8,2720.0,买盘
10:28:17,3.4,0.0,22,7470.0,买盘
10:28:20,3.39,-0.009999999999999787,42,14260.0,卖盘
10:28:23,3.39,0.0,6,2034.0,卖盘
10:28:27,3.39,0.0,93,31535.0,卖盘
10:28:30,3.39,0.0,139,47121.0,卖盘
10:28:33,3.4,0.009999999999999787,350,118701.0,买盘
10:28:36,3.4,0.0,15,5086.0,买盘
10:28:39,3.39,-0.009999999999999787,493,167127.0,卖盘
10:28:42,3.39,0.0,46,15613.0,卖盘
10:28:45,3.4,0.009999999999999787,268,91070.0,买盘
10:28:48,3.39,-0.009999999999999787,212,71913.0,卖盘
10:28:51,3.39,0.0,50,16988.0,卖盘
10:28:54,3.4,0.009999999999999787,12,4074.0,买盘
10:28:58,3.39,-0.009999999999999787,122,41418.0,卖盘
10:29:01,3.39,0.0,251,85114.0,卖盘
10:29:05,3.39,0.0,23,7807.0,卖盘
10:29:08,3.39,0.0,362,122977.0,卖盘
10:29:11,3.4,0.009999999999999787,112,38031.0,买盘
10:29:14,3.39,-0.009999999999999787,113,38352.0,卖盘
10:29:17,3.39,0.0,182,61736.0,卖盘
10:29:20,3.4,0.009999999999999787,164,55749.0,买盘
10:29:24,3.4,0.0,153,51957.0,买盘
10:29:27,3.4,0.0,70,23797.0,买盘
10:29:30,3.4,0.0,6,2040.0,买盘
10:29:33,3.4,0.0,107,36380.0,买盘
10:29:36,3.4,0.0,75,25500.0,买盘
10:29:39,3.4,0.0,470,159597.0,买盘
10:29:42,3.39,-0.009999999999999787,62,21040.0,卖盘
10:29:45,3.39,0.0,78,26493.0,卖盘
10:29:48,3.4,0.009999999999999787,89,30238.0,买盘
10:29:51,3.39,-0.009999999999999787,221,75139.0,卖盘
10:29:55,3.4,0.009999999999999787,353,120020.0,买盘
10:29:58,3.41,0.010000000000000231,214,72890.0,买盘
10:30:01,3.4,-0.010000000000000231,42,14292.0,卖盘
10:30:05,3.41,0.010000000000000231,308,105024.0,买盘
10:30:08,3.41,0.0,119,40579.0,买盘
10:30:11,3.41,0.0,98,33418.0,卖盘
10:30:14,3.41,0.0,16,5456.0,卖盘
10:30:17,3.42,0.009999999999999787,1,342.0,买盘
10:30:21,3.42,0.0,158,54036.0,买盘
10:30:24,3.42,0.0,94,32099.0,买盘
10:30:27,3.41,-0.009999999999999787,254,86858.0,卖盘
10:30:30,3.42,0.009999999999999787,86,29402.0,买盘
10:30:33,3.42,0.0,150,51297.0,买盘
10:30:36,3.42,0.0,23,7866.0,买盘
10:30:39,3.42,0.0,802,274202.0,买盘
10:30:42,3.42,0.0,105,35910.0,买盘
10:30:45,3.42,0.0,431,147402.0,买盘
10:30:49,3.42,0.0,512,175104.0,买盘
10:30:52,3.43,0.010000000000000231,20,6844.0,买盘
10:30:55,3.43,0.0,87,29841.0,买盘
10:30:59,3.43,0.0,77,26411.0,买盘
10:31:02,3.43,0.0,49,16797.0,买盘
10:31:05,3.43,0.0,169,57967.0,买盘
10:31:08,3.43,0.0,145,49735.0,买盘
10:31:11,3.43,0.0,59,20237.0,买盘
10:31:15,3.43,0.0,97,33271.0,卖盘
10:31:18,3.43,0.0,81,27783.0,卖盘
10:31:21,3.43,0.0,208,71420.0,卖盘
10:31:24,3.43,0.0,319,109422.0,卖盘
10:31:27,3.44,0.009999999999999787,9,3095.0,买盘
10:31:30,3.43,-0.009999999999999787,542,185906.0,卖盘
10:31:33,3.42,-0.010000000000000231,22,7537.0,卖盘
10:31:36,3.43,0.010000000000000231,267,91387.0,买盘
10:31:39,3.42,-0.010000000000000231,10,3420.0,卖盘
10:31:42,3.43,0.010000000000000231,5,1715.0,买盘
10:31:46,3.43,0.0,25,8575.0,买盘
10:31:49,3.43,0.0,19,6517.0,买盘
10:31:53,3.43,0.0,65,22270.0,买盘
10:31:56,3.43,0.0,15,5145.0,买盘
10:31:59,3.43,0.0,21,7193.0,买盘
10:32:02,3.43,0.0,4,1372.0,买盘
10:32:05,3.43,0.0,10,3430.0,买盘
10:32:08,3.43,0.0,58,19861.0,买盘
10:32:12,3.43,0.0,20,6860.0,买盘
10:32:15,3.42,-0.010000000000000231,267,91337.0,卖盘
10:32:18,3.42,0.0,204,69844.0,卖盘
10:32:21,3.42,0.0,55,18815.0,卖盘
10:32:27,3.42,0.0,59,20213.0,卖盘
10:32:30,3.43,0.010000000000000231,57,19515.0,买盘
10:32:33,3.42,-0.010000000000000231,3,1026.0,卖盘
10:32:36,3.42,0.0,93,31806.0,卖盘
10:32:40,3.42,0.0,67,22964.0,卖盘
10:32:46,3.43,0.010000000000000231,62,21266.0,买盘
10:32:53,3.43,0.0,20,6860.0,买盘
10:32:56,3.43,0.0,2,686.0,买盘
10:32:59,3.43,0.0,100,34300.0,买盘
10:33:02,3.42,-0.010000000000000231,2,684.0,卖盘
10:33:05,3.42,0.0,26,8892.0,卖盘
10:33:09,3.42,0.0,97,33174.0,卖盘
10:33:12,3.42,0.0,7,2398.0,卖盘
10:33:15,3.42,0.0,104,35572.0,卖盘
10:33:18,3.43,0.010000000000000231,19,6517.0,买盘
10:33:21,3.42,-0.010000000000000231,26,8893.0,卖盘
10:33:24,3.42,0.0,237,81229.0,卖盘
10:33:27,3.43,0.010000000000000231,36,12319.0,买盘
10:33:30,3.43,0.0,159,54458.0,买盘
10:33:33,3.43,0.0,29,9927.0,买盘
10:33:37,3.43,0.0,211,72179.0,买盘
10:33:43,3.42,-0.010000000000000231,187,63979.0,卖盘
10:33:46,3.42,0.0,9,3079.0,卖盘
10:33:50,3.42,0.0,1,342.0,卖盘
10:33:53,3.42,0.0,282,96446.0,卖盘
10:33:56,3.42,0.0,93,31839.0,卖盘
10:33:59,3.42,0.0,76,25998.0,卖盘
10:34:05,3.43,0.010000000000000231,127,43534.0,买盘
10:34:09,3.43,0.0,54,18488.0,买盘
10:34:12,3.43,0.0,7,2396.0,买盘
10:34:15,3.43,0.0,105,35926.0,买盘
10:34:18,3.43,0.0,37,12681.0,买盘
10:34:21,3.43,0.0,7,2401.0,买盘
10:34:24,3.42,-0.010000000000000231,14,4801.0,卖盘
10:34:27,3.42,0.0,1,342.0,卖盘
10:34:30,3.42,0.0,40,13680.0,卖盘
10:34:37,3.42,0.0,37,12655.0,卖盘
10:34:47,3.42,0.0,23,7866.0,卖盘
10:34:50,3.42,0.0,93,31806.0,卖盘
10:34:53,3.43,0.010000000000000231,1,343.0,买盘
10:34:56,3.42,-0.010000000000000231,153,52326.0,卖盘
10:34:59,3.43,0.010000000000000231,22,7546.0,买盘
10:35:02,3.42,-0.010000000000000231,30,10280.0,卖盘
10:35:06,3.42,0.0,51,17446.0,卖盘
10:35:09,3.43,0.010000000000000231,43,14716.0,买盘
10:35:12,3.42,-0.010000000000000231,1,342.0,卖盘
10:35:15,3.42,0.0,1,342.0,卖盘
10:35:18,3.42,0.0,24,8218.0,卖盘
10:35:21,3.42,0.0,13,4446.0,卖盘
10:35:24,3.43,0.010000000000000231,68,23324.0,买盘
10:35:37,3.42,-0.010000000000000231,200,68406.0,卖盘
10:35:41,3.43,0.010000000000000231,16,5488.0,买盘
10:35:44,3.42,-0.010000000000000231,2,684.0,卖盘
10:35:47,3.42,0.0,1,342.0,卖盘
10:35:50,3.42,0.0,85,29070.0,卖盘
10:35:53,3.42,0.0,13,4446.0,卖盘
10:35:56,3.42,0.0,120,41040.0,卖盘
10:36:00,3.43,0.010000000000000231,40,13720.0,买盘
10:36:03,3.42,-0.010000000000000231,2456,839952.0,卖盘
10:36:06,3.42,0.0,25,8550.0,买盘
10:36:09,3.42,0.0,52,17751.0,买盘
10:36:12,3.42,0.0,3,1026.0,买盘
10:36:15,3.42,0.0,19,6498.0,买盘
10:36:18,3.41,-0.009999999999999787,23,7849.0,卖盘
10:36:21,3.41,0.0,6,2046.0,卖盘
10:36:25,3.42,0.009999999999999787,30,10260.0,买盘
10:36:28,3.41,-0.009999999999999787,295,100781.0,卖盘
10:36:31,3.41,0.0,31,10571.0,卖盘
10:36:34,3.41,0.0,15,5115.0,卖盘
10:36:38,3.42,0.009999999999999787,60,20520.0,买盘
10:36:41,3.42,0.0,1,342.0,买盘
10:36:44,3.42,0.0,334,113922.0,买盘
10:36:50,3.42,0.0,1014,346730.0,买盘
10:36:53,3.42,0.0,34,11628.0,买盘
10:36:57,3.42,0.0,24,8208.0,买盘
10:37:00,3.42,0.0,16,5472.0,买盘
10:37:03,3.42,0.0,11,3762.0,买盘
10:37:06,3.41,-0.009999999999999787,2,682.0,卖盘
10:37:09,3.41,0.0,34,11594.0,卖盘
10:37:12,3.41,0.0,37,12642.0,卖盘
10:37:15,3.42,0.009999999999999787,25,8550.0,买盘
10:37:18,3.41,-0.009999999999999787,12,4093.0,卖盘
10:37:25,3.42,0.009999999999999787,226,77261.0,买盘
10:37:28,3.41,-0.009999999999999787,368,125504.0,卖盘
10:37:31,3.41,0.0,473,161373.0,卖盘
10:37:35,3.41,0.0,6,2046.0,卖盘
10:37:38,3.41,0.0,235,80136.0,卖盘
10:37:41,3.42,0.009999999999999787,22,7523.0,买盘
10:37:44,3.41,-0.009999999999999787,20,6820.0,卖盘
10:37:47,3.41,0.0,58,19805.0,卖盘
10:37:50,3.42,0.009999999999999787,18,6155.0,买盘
10:37:54,3.41,-0.009999999999999787,1,341.0,卖盘
10:37:57,3.42,0.009999999999999787,1,342.0,买盘
10:38:00,3.41,-0.009999999999999787,201,68542.0,卖盘
10:38:03,3.42,0.009999999999999787,75,25645.0,买盘
10:38:06,3.41,-0.009999999999999787,6,2046.0,卖盘
10:38:09,3.42,0.009999999999999787,59,20145.0,买盘
10:38:12,3.41,-0.009999999999999787,125,42625.0,卖盘
10:38:15,3.41,0.0,289,98558.0,卖盘
10:38:19,3.41,0.0,174,59334.0,卖盘
10:38:32,3.41,0.0,67,22847.0,卖盘
10:38:35,3.42,0.009999999999999787,22,7524.0,买盘
10:38:38,3.42,0.0,49,16727.0,买盘
10:38:41,3.41,-0.009999999999999787,162,55242.0,卖盘
10:38:51,3.41,0.0,28,9548.0,卖盘
10:38:54,3.42,0.009999999999999787,694,236666.0,买盘
10:38:57,3.41,-0.009999999999999787,1363,464783.0,卖盘
10:39:00,3.42,0.009999999999999787,70,23940.0,买盘
10:39:03,3.42,0.0,60,20518.0,买盘
10:39:06,3.41,-0.009999999999999787,34,11594.0,卖盘
10:39:09,3.42,0.009999999999999787,4,1368.0,买盘
10:39:13,3.41,-0.009999999999999787,466,158918.0,卖盘
10:39:16,3.41,0.0,132,45062.0,卖盘
10:39:19,3.42,0.009999999999999787,63,21494.0,买盘
10:39:22,3.42,0.0,12,4104.0,买盘
10:39:26,3.41,-0.009999999999999787,3,1023.0,卖盘
10:39:32,3.42,0.009999999999999787,65,22230.0,买盘
10:39:38,3.41,-0.009999999999999787,1682,573562.0,卖盘
10:39:42,3.41,0.0,123,41943.0,买盘
10:39:45,3.41,0.0,11,3751.0,买盘
10:39:48,3.41,0.0,96,32736.0,买盘
10:39:51,3.41,0.0,51,17391.0,买盘
10:39:54,3.41,0.0,27,9202.0,买盘
10:39:57,3.41,0.0,30,10230.0,买盘
10:40:00,3.41,0.0,53,18073.0,买盘
10:40:03,3.4,-0.010000000000000231,43,14638.0,卖盘
10:40:06,3.41,0.010000000000000231,128,43523.0,买盘
10:40:10,3.4,-0.010000000000000231,163,55573.0,卖盘
10:40:13,3.4,0.0,310,105620.0,卖盘
10:40:16,3.4,0.0,302,102977.0,卖盘
10:40:20,3.41,0.010000000000000231,175,59675.0,买盘
10:40:23,3.41,0.0,132,44972.0,买盘
10:40:26,3.41,0.0,105,35805.0,买盘
10:40:29,3.41,0.0,68,23188.0,买盘
10:40:35,3.41,0.0,121,41170.0,买盘
10:40:39,3.4,-0.010000000000000231,44,15000.0,卖盘
10:40:42,3.41,0.010000000000000231,157,53537.0,买盘
10:40:45,3.41,0.0,381,129921.0,卖盘
10:40:48,3.42,0.009999999999999787,11,3755.0,买盘
10:40:51,3.42,0.0,126,43031.0,买盘
10:40:54,3.41,-0.009999999999999787,63,21483.0,卖盘
10:41:00,3.41,0.0,4,1364.0,卖盘
10:41:03,3.41,0.0,11,3751.0,卖盘
10:41:07,3.41,0.0,947,322927.0,卖盘
10:41:10,3.41,0.0,20,6820.0,买盘
10:41:13,3.41,0.0,21,7161.0,买盘
10:41:17,3.41,0.0,106,36146.0,买盘
10:41:20,3.4,-0.010000000000000231,5,1704.0,卖盘
10:41:23,3.4,0.0,63,21421.0,卖盘
10:41:26,3.41,0.010000000000000231,316,107742.0,买盘
10:41:29,3.4,-0.010000000000000231,84,28603.0,卖盘
10:41:32,3.41,0.010000000000000231,14,4774.0,买盘
10:41:36,3.41,0.0,246,83856.0,买盘
10:41:39,3.4,-0.010000000000000231,220,74826.0,卖盘
10:41:42,3.41,0.010000000000000231,3069,1046378.0,买盘
10:41:48,3.41,0.0,562,191642.0,卖盘
10:41:51,3.41,0.0,4,1364.0,卖盘
10:41:54,3.41,0.0,182,62062.0,卖盘
10:41:57,3.41,0.0,120,40920.0,卖盘
10:42:00,3.41,0.0,40,13640.0,卖盘
10:42:03,3.41,0.0,67,22847.0,卖盘
10:42:07,3.41,0.0,78,26598.0,卖盘
10:42:14,3.41,0.0,112,38192.0,卖盘
10:42:20,3.42,0.0,58,19835.0,买盘
10:42:23,3.41,-0.009999999999999787,84,28687.0,卖盘
10:42:29,3.42,0.009999999999999787,305,104141.0,买盘
10:42:33,3.41,-0.009999999999999787,75,25575.0,卖盘
10:42:39,3.42,0.009999999999999787,3,1024.0,买盘
10:42:42,3.42,0.0,12,4094.0,买盘
10:42:45,3.42,0.0,43,14704.0,买盘
10:42:48,3.41,-0.009999999999999787,60,20461.0,卖盘
10:42:54,3.41,0.0,27,9207.0,卖盘
10:43:00,3.41,0.0,102,34782.0,卖盘
10:43:04,3.41,0.0,3,1023.0,卖盘
10:43:07,3.42,0.009999999999999787,103,35126.0,买盘
10:43:11,3.41,-0.009999999999999787,8,2728.0,卖盘
10:43:20,3.41,0.0,4,1364.0,卖盘
10:43:23,3.41,0.0,17,5797.0,卖盘
10:43:26,3.41,0.0,2,682.0,卖盘
10:43:30,3.42,0.009999999999999787,239,81501.0,买盘
10:43:33,3.41,-0.009999999999999787,140,47790.0,卖盘
10:43:39,3.41,0.0,252,85932.0,卖盘
10:43:45,3.42,0.009999999999999787,9,3070.0,买盘
10:43:48,3.42,0.0,7,2394.0,买盘
10:43:51,3.41,-0.009999999999999787,49,16712.0,卖盘
10:43:54,3.42,0.009999999999999787,3,1026.0,买盘
10:43:58,3.41,-0.009999999999999787,34,11594.0,卖盘
10:44:01,3.41,0.0,26,8866.0,卖盘
10:44:04,3.42,0.009999999999999787,31,10579.0,买盘
10:44:07,3.41,-0.009999999999999787,33,11253.0,卖盘
10:44:11,3.42,0.009999999999999787,5,1710.0,买盘
10:44:17,3.41,-0.009999999999999787,43,14663.0,卖盘
10:44:26,3.41,0.0,10,3410.0,卖盘
10:44:30,3.42,0.009999999999999787,190,64980.0,买盘
10:44:36,3.41,-0.009999999999999787,50,17050.0,卖盘
10:44:39,3.42,0.009999999999999787,15,5130.0,买盘
10:44:42,3.41,-0.009999999999999787,43,14663.0,卖盘
10:44:45,3.42,0.009999999999999787,1164,398081.0,买盘
10:44:48,3.42,0.0,9,3078.0,买盘
10:44:54,3.41,-0.009999999999999787,90,30778.0,卖盘
10:45:01,3.41,0.0,45,15345.0,卖盘
10:45:04,3.42,0.009999999999999787,22,7520.0,买盘
10:45:08,3.42,0.0,35,11936.0,买盘
10:45:11,3.42,0.0,21,7182.0,买盘
10:45:14,3.42,0.0,7,2394.0,买盘
10:45:17,3.42,0.0,30,10260.0,买盘
10:45:20,3.42,0.0,9,3078.0,买盘
10:45:23,3.42,0.0,122,41605.0,买盘
10:45:26,3.42,0.0,5,1710.0,买盘
10:45:30,3.42,0.0,10,3416.0,买盘
10:45:33,3.42,0.0,5,1710.0,买盘
10:45:36,3.42,0.0,2,684.0,买盘
10:45:39,3.42,0.0,1,342.0,买盘
10:45:42,3.42,0.0,323,110466.0,买盘
10:45:45,3.42,0.0,5,1710.0,买盘
10:45:48,3.42,0.0,37,12641.0,买盘
10:45:54,3.42,0.0,42,14364.0,买盘
10:45:58,3.42,0.0,235,80370.0,卖盘
10:46:01,3.42,0.0,19,6498.0,卖盘
10:46:08,3.43,0.010000000000000231,296,101495.0,买盘
10:46:20,3.42,-0.010000000000000231,14,4801.0,卖盘
10:46:27,3.42,0.0,3,1026.0,卖盘
10:46:33,3.43,0.010000000000000231,46,15778.0,买盘
10:46:36,3.42,-0.010000000000000231,51,17442.0,卖盘
10:46:39,3.43,0.010000000000000231,35,12005.0,买盘
10:46:42,3.43,0.0,91,31213.0,买盘
10:46:45,3.43,0.0,20,6860.0,买盘
10:46:48,3.43,0.0,11,3773.0,买盘
10:46:51,3.42,-0.010000000000000231,105,35915.0,卖盘
10:47:01,3.42,0.0,260,88980.0,卖盘
10:47:05,3.42,0.0,3,1026.0,卖盘
10:47:08,3.42,0.0,37,12655.0,卖盘
10:47:11,3.42,0.0,12,4104.0,卖盘
10:47:14,3.42,0.0,10,3421.0,卖盘
10:47:17,3.42,0.0,72,24624.0,卖盘
10:47:20,3.42,0.0,28,9576.0,卖盘
10:47:24,3.42,0.0,13,4446.0,卖盘
10:47:27,3.42,0.0,1029,351918.0,卖盘
10:47:30,3.42,0.0,6,2052.0,买盘
10:47:33,3.42,0.0,37,12654.0,买盘
10:47:36,3.42,0.0,1,342.0,买盘
10:47:39,3.42,0.0,138,47150.0,买盘
10:47:42,3.42,0.0,24,8194.0,买盘
10:47:45,3.42,0.0,10,3416.0,买盘
10:47:48,3.42,0.0,8,2736.0,买盘
10:47:52,3.41,-0.009999999999999787,41,14011.0,卖盘
10:47:54,3.42,0.009999999999999787,2,684.0,买盘
10:47:58,3.41,-0.009999999999999787,10,3410.0,卖盘
10:48:07,3.42,0.009999999999999787,72,24585.0,买盘
10:48:11,3.41,-0.009999999999999787,517,176312.0,卖盘
10:48:14,3.42,0.009999999999999787,105,35880.0,买盘
10:48:17,3.41,-0.009999999999999787,17,5797.0,卖盘
10:48:20,3.42,0.009999999999999787,7,2393.0,买盘
10:48:24,3.41,-0.009999999999999787,6,2051.0,卖盘
10:48:27,3.42,0.009999999999999787,1,342.0,买盘
10:48:30,3.41,-0.009999999999999787,80,27280.0,卖盘
10:48:36,3.41,0.0,14,4774.0,卖盘
10:48:39,3.41,0.0,10,3410.0,卖盘
10:48:48,3.42,0.009999999999999787,104,35467.0,买盘
10:48:55,3.41,-0.009999999999999787,14,4774.0,卖盘
10:48:58,3.42,0.009999999999999787,3,1026.0,买盘
10:49:05,3.42,0.0,107,36594.0,买盘
10:49:08,3.41,-0.009999999999999787,86,29328.0,卖盘
10:49:11,3.42,0.009999999999999787,5,1710.0,买盘
10:49:14,3.41,-0.009999999999999787,109,37277.0,卖盘
10:49:17,3.42,0.009999999999999787,140,47762.0,买盘
10:49:20,3.42,0.0,21,7175.0,买盘
10:49:24,3.42,0.0,102,34884.0,买盘
10:49:27,3.42,0.0,53,18126.0,买盘
10:49:30,3.41,-0.009999999999999787,15,5115.0,卖盘
10:49:33,3.42,0.009999999999999787,12,4104.0,买盘
10:49:36,3.42,0.0,3,1026.0,买盘
10:49:39,3.42,0.0,3,1025.0,买盘
10:49:45,3.41,-0.009999999999999787,64,21844.0,卖盘
10:49:48,3.42,0.009999999999999787,2,684.0,买盘
10:49:52,3.41,-0.009999999999999787,288,98208.0,卖盘
10:49:58,3.42,0.009999999999999787,12,4104.0,买盘
10:50:01,3.41,-0.009999999999999787,153,52173.0,卖盘
10:50:05,3.41,0.0,18,6138.0,卖盘
10:50:08,3.41,0.0,93,31769.0,卖盘
10:50:11,3.42,0.009999999999999787,84,28728.0,买盘
10:50:14,3.42,0.0,176,60192.0,买盘
10:50:17,3.41,-0.009999999999999787,112,38231.0,卖盘
10:50:21,3.41,0.0,30,10259.0,卖盘
10:50:27,3.41,0.0,61,20826.0,卖盘
10:50:30,3.42,0.009999999999999787,115,39294.0,买盘
10:50:33,3.42,0.0,11,3762.0,买盘
10:50:36,3.42,0.0,95,32403.0,买盘
10:50:39,3.42,0.0,49,16758.0,买盘
10:50:45,3.42,0.0,7,2394.0,买盘
10:50:49,3.42,0.0,2,684.0,买盘
10:50:52,3.42,0.0,17,5814.0,买盘
10:50:55,3.42,0.0,30,10260.0,买盘
10:50:59,3.42,0.0,28,9576.0,买盘
10:51:02,3.42,0.0,22,7524.0,买盘
10:51:05,3.42,0.0,23,7866.0,买盘
10:51:08,3.42,0.0,101,34508.0,买盘
10:51:11,3.42,0.0,29,9918.0,买盘
10:51:14,3.42,0.0,3,1026.0,买盘
10:51:18,3.42,0.0,6,2052.0,买盘
10:51:21,3.42,0.0,2,684.0,买盘
10:51:27,3.42,0.0,16,5472.0,买盘
10:51:30,3.41,-0.009999999999999787,36,12301.0,卖盘
10:51:33,3.42,0.009999999999999787,1,342.0,买盘
10:51:39,3.41,-0.009999999999999787,199,67859.0,卖盘
10:51:43,3.41,0.0,43,14673.0,卖盘
10:51:52,3.42,0.009999999999999787,68,23256.0,买盘
10:51:56,3.41,-0.009999999999999787,78,26598.0,卖盘
10:51:59,3.42,0.009999999999999787,2,684.0,买盘
10:52:08,3.41,-0.009999999999999787,35,11935.0,卖盘
10:52:12,3.42,0.009999999999999787,31,10602.0,买盘
10:52:15,3.41,-0.009999999999999787,65,22165.0,卖盘
10:52:18,3.41,0.0,8,2728.0,卖盘
10:52:21,3.41,0.0,11,3756.0,卖盘
10:52:27,3.41,0.0,104,35543.0,卖盘
10:52:30,3.42,0.009999999999999787,61,20855.0,买盘
10:52:33,3.42,0.0,86,29412.0,买盘
10:52:36,3.41,-0.009999999999999787,3,1025.0,卖盘
10:52:43,3.41,0.0,6,2046.0,卖盘
10:52:46,3.41,0.0,30,10235.0,卖盘
10:52:49,3.42,0.009999999999999787,3,1026.0,买盘
10:52:59,3.42,0.0,662,226404.0,买盘
10:53:02,3.42,0.0,30,10260.0,买盘
10:53:05,3.42,0.0,201,68742.0,买盘
10:53:09,3.42,0.0,277,94734.0,卖盘
10:53:12,3.42,0.0,344,117782.0,卖盘
10:53:15,3.42,0.0,177,60534.0,卖盘
10:53:18,3.42,0.0,40,13680.0,卖盘
10:53:21,3.43,0.010000000000000231,224,76638.0,买盘
10:53:24,3.42,-0.010000000000000231,68,23256.0,卖盘
10:53:27,3.42,0.0,59,20178.0,买盘
10:53:30,3.42,0.0,47,16086.0,买盘
10:53:34,3.42,0.0,26,8886.0,卖盘
10:53:37,3.42,0.0,94,32168.0,买盘
10:53:40,3.42,0.0,105,35909.0,卖盘
10:53:43,3.42,0.0,757,258894.0,卖盘
10:53:47,3.42,0.0,75,25650.0,卖盘
10:53:50,3.42,0.0,72,24624.0,卖盘
10:53:53,3.42,0.0,164,56088.0,买盘
10:53:56,3.41,-0.009999999999999787,90,30706.0,卖盘
10:53:59,3.42,0.009999999999999787,73,24966.0,买盘
10:54:02,3.42,0.0,3,1026.0,买盘
10:54:06,3.41,-0.009999999999999787,23,7843.0,卖盘
10:54:09,3.42,0.009999999999999787,47,16074.0,买盘
10:54:12,3.42,0.0,10,3420.0,买盘
10:54:15,3.41,-0.009999999999999787,21,7172.0,卖盘
10:54:18,3.41,0.0,96,32785.0,卖盘
10:54:21,3.42,0.009999999999999787,6,2052.0,买盘
10:54:24,3.41,-0.009999999999999787,3672,1252152.0,卖盘
10:54:27,3.41,0.0,370,126250.0,卖盘
10:54:31,3.41,0.0,49,16709.0,卖盘
10:54:34,3.41,0.0,18,6143.0,卖盘
10:54:37,3.41,0.0,19,6479.0,卖盘
10:54:40,3.41,0.0,905,308705.0,卖盘
10:54:44,3.41,0.0,6,2046.0,卖盘
10:54:50,3.41,0.0,77,26257.0,卖盘
10:54:53,3.41,0.0,30,10233.0,卖盘
10:54:59,3.42,0.009999999999999787,102,34784.0,买盘
10:55:03,3.42,0.0,21,7182.0,买盘
10:55:06,3.42,0.0,9,3070.0,买盘
10:55:09,3.41,-0.009999999999999787,56,19118.0,卖盘
10:55:15,3.41,0.0,9,3074.0,卖盘
10:55:18,3.41,0.0,187,63824.0,卖盘
10:55:21,3.41,0.0,33,11256.0,卖盘
10:55:24,3.41,0.0,18,6138.0,卖盘
10:55:28,3.42,0.009999999999999787,13,4443.0,买盘
10:55:31,3.41,-0.009999999999999787,21,7161.0,卖盘
10:55:34,3.41,0.0,8,2729.0,卖盘
10:55:37,3.41,0.0,10,3410.0,卖盘
10:55:41,3.41,0.0,4,1367.0,卖盘
10:55:47,3.42,0.009999999999999787,162,55252.0,买盘
10:55:50,3.42,0.0,18,6156.0,买盘
10:55:53,3.41,-0.009999999999999787,237,80819.0,卖盘
10:56:00,3.42,0.009999999999999787,5,1710.0,买盘
10:56:03,3.42,0.0,12,4102.0,买盘
10:56:06,3.41,-0.009999999999999787,3,1023.0,卖盘
10:56:09,3.41,0.0,34,11594.0,卖盘
10:56:15,3.42,0.009999999999999787,196,66837.0,买盘
10:56:18,3.41,-0.009999999999999787,1,341.0,卖盘
10:56:21,3.42,0.009999999999999787,307,104994.0,买盘
10:56:25,3.41,-0.009999999999999787,18,6142.0,卖盘
10:56:28,3.42,0.009999999999999787,239,81738.0,买盘
10:56:31,3.42,0.0,2,684.0,买盘
10:56:34,3.42,0.0,113,38646.0,买盘
10:56:38,3.41,-0.009999999999999787,166,56666.0,卖盘
10:56:41,3.41,0.0,250,85299.0,卖盘
10:56:44,3.42,0.009999999999999787,40,13664.0,买盘
10:56:47,3.42,0.0,72,24624.0,买盘
10:56:50,3.42,0.0,8,2736.0,买盘
10:56:53,3.41,-0.009999999999999787,38,12959.0,卖盘
10:56:57,3.41,0.0,50,17050.0,卖盘
10:57:06,3.42,0.009999999999999787,180,61560.0,买盘
10:57:09,3.42,0.0,62,21171.0,买盘
10:57:12,3.42,0.0,3575,1218586.0,买盘
10:57:15,3.42,0.0,31,10602.0,买盘
10:57:18,3.41,-0.009999999999999787,137,46717.0,卖盘
10:57:21,3.41,0.0,1,341.0,卖盘
10:57:25,3.42,0.009999999999999787,261,89262.0,买盘
10:57:31,3.41,-0.009999999999999787,85,28985.0,卖盘
10:57:35,3.42,0.009999999999999787,177,60534.0,买盘
10:57:38,3.42,0.0,139,47538.0,卖盘
10:57:41,3.42,0.0,129,44118.0,卖盘
10:57:44,3.42,0.0,6,2052.0,卖盘
10:57:47,3.43,0.010000000000000231,150,51390.0,买盘
10:57:50,3.42,-0.010000000000000231,2,684.0,卖盘
10:57:54,3.43,0.010000000000000231,6,2058.0,买盘
10:57:57,3.43,0.0,12,4116.0,买盘
10:58:03,3.43,0.0,62,21259.0,买盘
10:58:09,3.42,-0.010000000000000231,33,11286.0,卖盘
10:58:12,3.43,0.010000000000000231,6,2058.0,买盘
10:58:15,3.42,-0.010000000000000231,2,684.0,卖盘
10:58:18,3.42,0.0,1643,563464.0,卖盘
10:58:22,3.43,0.010000000000000231,122,41846.0,买盘
10:58:25,3.43,0.0,6,2058.0,买盘
10:58:28,3.43,0.0,292,100156.0,买盘
10:58:35,3.43,0.0,64,21952.0,卖盘
10:58:38,3.43,0.0,136,46648.0,卖盘
10:58:41,3.44,0.009999999999999787,23,7912.0,买盘
10:58:44,3.43,-0.009999999999999787,5,1715.0,卖盘
10:58:47,3.43,0.0,31,10636.0,卖盘
10:58:50,3.43,0.0,87,29841.0,卖盘
10:58:54,3.44,0.009999999999999787,265,90910.0,买盘
10:59:00,3.44,0.0,254,87125.0,买盘
10:59:03,3.43,-0.009999999999999787,30,10290.0,卖盘
10:59:09,3.44,0.009999999999999787,35,12006.0,买盘
10:59:12,3.44,0.0,45,15477.0,买盘
10:59:19,3.44,0.0,91,31220.0,买盘
10:59:28,3.43,-0.009999999999999787,507,173908.0,卖盘
10:59:32,3.44,0.009999999999999787,3,1032.0,买盘
10:59:35,3.44,0.0,59,20295.0,买盘
10:59:41,3.44,0.0,2,688.0,买盘
10:59:44,3.43,-0.009999999999999787,70,24079.0,卖盘
10:59:47,3.43,0.0,30,10313.0,卖盘
10:59:51,3.43,0.0,9,3088.0,卖盘
10:59:57,3.43,0.0,160,54952.0,卖盘
11:00:03,3.43,0.0,148,50764.0,卖盘
11:00:06,3.43,0.0,99,34013.0,卖盘
11:00:12,3.43,0.0,1,343.0,卖盘
11:00:15,3.43,0.0,339,116568.0,卖盘
11:00:19,3.44,0.009999999999999787,136,46683.0,买盘
11:00:22,3.44,0.0,107,36808.0,买盘
11:00:29,3.44,0.0,122,41968.0,买盘
11:00:32,3.44,0.0,135,46440.0,买盘
11:00:35,3.43,-0.009999999999999787,932,320582.0,卖盘
11:00:38,3.44,0.009999999999999787,394,135536.0,买盘
11:00:41,3.44,0.0,292,100207.0,买盘
11:00:44,3.44,0.0,290,99760.0,买盘
11:00:48,3.44,0.0,92,31648.0,买盘
11:00:51,3.45,0.010000000000000231,11,3792.0,买盘
11:00:54,3.45,0.0,17,5855.0,买盘
11:00:57,3.45,0.0,151,52095.0,买盘
11:01:00,3.45,0.0,301,103845.0,买盘
11:01:03,3.45,0.0,682,235290.0,买盘
11:01:06,3.45,0.0,1045,360492.0,买盘
11:01:09,3.45,0.0,21,7246.0,卖盘
11:01:13,3.45,0.0,130,44888.0,卖盘
11:01:16,3.46,0.009999999999999787,9,3114.0,买盘
11:01:19,3.46,0.0,59,20384.0,买盘
11:01:22,3.46,0.0,74,25604.0,买盘
11:01:25,3.46,0.0,637,220302.0,买盘
11:01:29,3.46,0.0,785,271600.0,买盘
11:01:32,3.46,0.0,180,62280.0,买盘
11:01:35,3.46,0.0,125,43250.0,买盘
11:01:38,3.46,0.0,157,54322.0,买盘
11:01:41,3.46,0.0,301,104146.0,买盘
11:01:44,3.46,0.0,378,130788.0,买盘
11:01:48,3.47,0.010000000000000231,157,54338.0,买盘
11:01:51,3.46,-0.010000000000000231,390,134940.0,卖盘
11:01:54,3.46,0.0,326,112800.0,买盘
11:01:57,3.46,0.0,32,11072.0,买盘
11:02:00,3.46,0.0,202,69869.0,买盘
11:02:03,3.46,0.0,69,23860.0,买盘
11:02:06,3.46,0.0,138,47748.0,买盘
11:02:09,3.46,0.0,239,82694.0,卖盘
11:02:13,3.46,0.0,55,19050.0,卖盘
11:02:16,3.46,0.0,85,29410.0,卖盘
11:02:19,3.47,0.010000000000000231,890,307947.0,买盘
11:02:22,3.46,-0.010000000000000231,159,55038.0,中性盘
11:02:25,3.46,0.0,44,15224.0,买盘
11:02:29,3.45,-0.009999999999999787,31,10716.0,卖盘
11:02:32,3.45,0.0,354,122413.0,卖盘
11:02:35,3.45,0.0,135,46645.0,卖盘
11:02:38,3.45,0.0,124,42785.0,卖盘
11:02:41,3.45,0.0,91,31395.0,卖盘
11:02:45,3.46,0.009999999999999787,245,84664.0,买盘
11:02:48,3.45,-0.009999999999999787,22,7590.0,卖盘
11:02:51,3.46,0.009999999999999787,172,59512.0,买盘
11:02:54,3.45,-0.009999999999999787,3,1035.0,卖盘
11:03:00,3.46,0.009999999999999787,78,26988.0,买盘
11:03:06,3.46,0.0,64,22105.0,买盘
11:03:09,3.46,0.0,284,98132.0,买盘
11:03:13,3.45,-0.009999999999999787,141,48655.0,卖盘
11:03:16,3.46,0.009999999999999787,301,104100.0,买盘
11:03:20,3.46,0.0,258,89211.0,买盘
11:03:23,3.46,0.0,1,346.0,买盘
11:03:26,3.45,-0.009999999999999787,220,75900.0,卖盘
11:03:29,3.45,0.0,1032,356050.0,卖盘
11:03:32,3.45,0.0,60,20700.0,买盘
11:03:35,3.45,0.0,3060,1058848.0,卖盘
11:03:39,3.45,0.0,81,27946.0,卖盘
11:03:42,3.45,0.0,29,10005.0,卖盘
11:03:45,3.45,0.0,26,8970.0,买盘
11:03:48,3.45,0.0,188,64860.0,买盘
11:03:51,3.45,0.0,95,32775.0,卖盘
11:03:54,3.45,0.0,431,149048.0,卖盘
11:03:57,3.45,0.0,13,4485.0,买盘
11:04:03,3.45,0.0,3,1034.0,买盘
11:04:10,3.45,0.0,2,690.0,买盘
11:04:13,3.45,0.0,77,26565.0,买盘
11:04:16,3.45,0.0,3,1035.0,买盘
11:04:19,3.44,-0.010000000000000231,11,3784.0,卖盘
11:04:23,3.44,0.0,113,38959.0,卖盘
11:04:26,3.44,0.0,31,10675.0,卖盘
11:04:29,3.44,0.0,66,22705.0,卖盘
11:04:32,3.45,0.010000000000000231,6,2069.0,买盘
11:04:36,3.44,-0.010000000000000231,13,4472.0,卖盘
11:04:42,3.44,0.0,26,8944.0,卖盘
11:04:45,3.44,0.0,30,10321.0,卖盘
11:04:48,3.44,0.0,25,8600.0,卖盘
11:04:51,3.44,0.0,38,13109.0,卖盘
11:04:54,3.45,0.010000000000000231,114,39330.0,买盘
11:04:57,3.44,-0.010000000000000231,79,27176.0,卖盘
11:05:00,3.45,0.010000000000000231,82,28290.0,买盘
11:05:04,3.44,-0.010000000000000231,37,12751.0,卖盘
11:05:07,3.45,0.010000000000000231,293,100957.0,买盘
11:05:10,3.44,-0.010000000000000231,32,11018.0,卖盘
11:05:14,3.45,0.010000000000000231,203,70035.0,买盘
11:05:17,3.45,0.0,111,38275.0,买盘
11:05:20,3.45,0.0,120,41400.0,买盘
11:05:23,3.46,0.009999999999999787,328,113302.0,买盘
11:05:26,3.45,-0.009999999999999787,34,11730.0,卖盘
11:05:29,3.45,0.0,18,6210.0,卖盘
11:05:33,3.46,0.009999999999999787,28,9664.0,买盘
11:05:36,3.46,0.0,38,13147.0,买盘
11:05:39,3.46,0.0,9,3114.0,买盘
11:05:42,3.46,0.0,167,57681.0,买盘
11:05:45,3.46,0.0,7,2422.0,买盘
11:05:48,3.46,0.0,10,3460.0,买盘
11:05:51,3.46,0.0,51,17642.0,买盘
11:05:57,3.46,0.0,945,326969.0,买盘
11:06:01,3.46,0.0,292,100751.0,买盘
11:06:04,3.46,0.0,8,2768.0,买盘
11:06:07,3.46,0.0,191,66053.0,买盘
11:06:10,3.45,-0.009999999999999787,75,25948.0,卖盘
11:06:14,3.46,0.009999999999999787,17,5882.0,买盘
11:06:17,3.45,-0.009999999999999787,73,25205.0,卖盘
11:06:20,3.45,0.0,45,15552.0,卖盘
11:06:23,3.45,0.0,17,5865.0,卖盘
11:06:26,3.45,0.0,148,51150.0,卖盘
11:06:30,3.45,0.0,281,96960.0,卖盘
11:06:33,3.45,0.0,18,6210.0,卖盘
11:06:36,3.45,0.0,1316,454025.0,卖盘
11:06:39,3.46,0.009999999999999787,163,56103.0,买盘
11:06:42,3.45,-0.009999999999999787,27,9315.0,买盘
11:06:45,3.45,0.0,176,60720.0,买盘
11:06:48,3.45,0.0,20,6900.0,买盘
11:06:51,3.45,0.0,24,8280.0,买盘
11:06:54,3.45,0.0,196,67620.0,买盘
11:06:58,3.45,0.0,124,42678.0,买盘
11:07:01,3.45,0.0,2115,729675.0,买盘
11:07:04,3.45,0.0,158,54510.0,买盘
11:07:07,3.45,0.0,259,89321.0,买盘
11:07:11,3.45,0.0,6,2070.0,买盘
11:07:14,3.45,0.0,2,690.0,买盘
11:07:17,3.44,-0.010000000000000231,50,17200.0,卖盘
11:07:20,3.44,0.0,89,30684.0,卖盘
11:07:23,3.44,0.0,59,20298.0,卖盘
11:07:26,3.44,0.0,280,96563.0,卖盘
11:07:30,3.45,0.010000000000000231,86,29604.0,买盘
11:07:33,3.45,0.0,10,3450.0,买盘
11:07:36,3.45,0.0,88,30327.0,买盘
11:07:39,3.45,0.0,137,47265.0,买盘
11:07:45,3.45,0.0,108,37203.0,买盘
11:07:48,3.44,-0.010000000000000231,29,9976.0,卖盘
11:07:51,3.44,0.0,23,7932.0,卖盘
11:07:55,3.44,0.0,1,344.0,卖盘
11:07:58,3.44,0.0,143,49288.0,卖盘
11:08:01,3.44,0.0,5,1720.0,卖盘
11:08:04,3.45,0.010000000000000231,202,69651.0,买盘
11:08:08,3.45,0.0,82,28241.0,买盘
11:08:11,3.44,-0.010000000000000231,73,25115.0,卖盘
11:08:14,3.44,0.0,35,12040.0,卖盘
11:08:17,3.44,0.0,67,23048.0,卖盘
11:08:20,3.44,0.0,46,15834.0,卖盘
11:08:23,3.44,0.0,50,17203.0,卖盘
11:08:27,3.44,0.0,44,15136.0,卖盘
11:08:30,3.45,0.010000000000000231,173,59552.0,买盘
11:08:33,3.45,0.0,184,63477.0,买盘
11:08:36,3.45,0.0,1,345.0,买盘
11:08:39,3.45,0.0,30,10350.0,买盘
11:08:42,3.45,0.0,97,33465.0,买盘
11:08:45,3.45,0.0,522,180090.0,买盘
11:08:48,3.45,0.0,61,21045.0,卖盘
11:08:52,3.45,0.0,618,212850.0,卖盘
11:08:58,3.45,0.0,92,31740.0,买盘
11:09:05,3.45,0.0,235,81075.0,买盘
11:09:08,3.44,-0.010000000000000231,33,11352.0,卖盘
11:09:11,3.44,0.0,137,47165.0,卖盘
11:09:14,3.44,0.0,8,2752.0,卖盘
11:09:17,3.45,0.010000000000000231,347,119669.0,买盘
11:09:20,3.45,0.0,94,32430.0,卖盘
11:09:24,3.45,0.0,62,21416.0,卖盘
11:09:27,3.45,0.0,8,2760.0,卖盘
11:09:30,3.46,0.009999999999999787,561,194041.0,买盘
11:09:33,3.46,0.0,239,82691.0,买盘
11:09:36,3.46,0.0,366,126636.0,买盘
11:09:39,3.46,0.0,498,172293.0,买盘
11:09:42,3.46,0.0,34,11764.0,卖盘
11:09:45,3.46,0.0,214,74044.0,卖盘
11:09:49,3.47,0.010000000000000231,39,13514.0,买盘
11:09:52,3.46,-0.010000000000000231,64,22151.0,卖盘
11:09:55,3.46,0.0,169,58474.0,卖盘
11:09:58,3.46,0.0,263,91189.0,卖盘
11:10:02,3.46,0.0,159,55108.0,卖盘
11:10:05,3.46,0.0,35,12110.0,卖盘
11:10:08,3.46,0.0,227,78551.0,卖盘
11:10:11,3.46,0.0,393,136302.0,卖盘
11:10:14,3.46,0.0,220,76206.0,卖盘
11:10:18,3.46,0.0,74,25631.0,卖盘
11:10:21,3.46,0.0,12,4152.0,卖盘
11:10:24,3.46,0.0,163,56419.0,卖盘
11:10:27,3.46,0.0,38,13159.0,卖盘
11:10:30,3.46,0.0,26,8996.0,卖盘
11:10:33,3.47,0.010000000000000231,1737,602734.0,买盘
11:10:36,3.46,-0.010000000000000231,297,103049.0,卖盘
11:10:39,3.47,0.010000000000000231,131,45443.0,买盘
11:10:43,3.47,0.0,336,116581.0,买盘
11:10:46,3.48,0.009999999999999787,146,50765.0,买盘
11:10:49,3.47,-0.009999999999999787,448,155800.0,卖盘
11:10:53,3.48,0.009999999999999787,945,328849.0,买盘
11:10:56,3.48,0.0,54,18810.0,卖盘
11:10:59,3.48,0.0,2301,803186.0,卖盘
11:11:02,3.49,0.010000000000000231,518,180761.0,买盘
11:11:05,3.49,0.0,30,10470.0,卖盘
11:11:08,3.49,0.0,346,120797.0,卖盘
11:11:12,3.5,0.009999999999999787,3038,1063172.0,买盘
11:11:15,3.5,0.0,204,71384.0,买盘
11:11:18,3.5,0.0,149,52150.0,买盘
11:11:21,3.51,0.009999999999999787,232,81260.0,买盘
11:11:24,3.51,0.0,128,44869.0,买盘
11:11:27,3.51,0.0,495,173546.0,买盘
11:11:30,3.51,0.0,450,157950.0,买盘
11:11:33,3.51,0.0,1086,380737.0,买盘
11:11:36,3.5,-0.009999999999999787,830,290701.0,卖盘
11:11:40,3.49,-0.009999999999999787,550,192912.0,卖盘
11:11:43,3.5,0.009999999999999787,119,41645.0,买盘
11:11:46,3.5,0.0,134,46889.0,买盘
11:11:49,3.5,0.0,38,13300.0,买盘
11:11:53,3.5,0.0,297,103879.0,买盘
11:11:56,3.5,0.0,591,206850.0,买盘
11:11:59,3.5,0.0,291,101700.0,买盘
11:12:02,3.5,0.0,105,36750.0,买盘
11:12:05,3.5,0.0,295,103236.0,买盘
11:12:08,3.49,-0.009999999999999787,369,128791.0,卖盘
11:12:12,3.49,0.0,886,309214.0,卖盘
11:12:15,3.49,0.0,12,4188.0,买盘
11:12:18,3.49,0.0,6,2094.0,买盘
11:12:21,3.49,0.0,113,39437.0,买盘
11:12:24,3.48,-0.010000000000000231,113,39359.0,卖盘
11:12:27,3.48,0.0,349,121586.0,卖盘
11:12:30,3.49,0.010000000000000231,806,281147.0,买盘
11:12:34,3.49,0.0,296,103048.0,买盘
11:12:37,3.49,0.0,179,62446.0,买盘
11:12:43,3.49,0.0,184,64144.0,买盘
11:12:45,3.48,-0.010000000000000231,891,310157.0,卖盘
11:12:50,3.49,0.010000000000000231,1329,463552.0,买盘
11:12:53,3.49,0.0,490,171010.0,卖盘
11:12:56,3.49,0.0,50,17432.0,卖盘
11:12:59,3.49,0.0,80,27920.0,买盘
11:13:02,3.49,0.0,2,698.0,买盘
11:13:06,3.49,0.0,110,38331.0,买盘
11:13:09,3.48,-0.010000000000000231,164,57134.0,卖盘
11:13:12,3.48,0.0,149,51864.0,卖盘
11:13:15,3.48,0.0,260,90642.0,卖盘
11:13:18,3.48,0.0,269,93799.0,卖盘
11:13:21,3.49,0.010000000000000231,1226,427879.0,买盘
11:13:24,3.49,0.0,166,58092.0,卖盘
11:13:27,3.49,0.0,98,34202.0,卖盘
11:13:31,3.5,0.009999999999999787,39,13641.0,买盘
11:13:34,3.49,-0.009999999999999787,101,35315.0,卖盘
11:13:37,3.49,0.0,345,120734.0,卖盘
11:13:40,3.5,0.009999999999999787,178,62230.0,买盘
11:13:44,3.5,0.0,236,82367.0,买盘
11:13:47,3.5,0.0,186,64970.0,买盘
11:13:50,3.5,0.0,808,282800.0,买盘
11:13:53,3.5,0.0,179,62633.0,卖盘
11:13:56,3.5,0.0,1877,658323.0,买盘
11:13:59,3.5,0.0,217,75950.0,卖盘
11:14:03,3.51,0.009999999999999787,626,219069.0,买盘
11:14:06,3.5,-0.009999999999999787,65,22793.0,中性盘
11:14:09,3.51,0.009999999999999787,335,117521.0,买盘
11:14:12,3.51,0.0,161,56385.0,买盘
11:14:15,3.51,0.0,702,246432.0,买盘
11:14:18,3.5,-0.009999999999999787,255,89326.0,卖盘
11:14:21,3.5,0.0,251,87938.0,卖盘
11:14:24,3.51,0.009999999999999787,172,60220.0,买盘
11:14:27,3.5,-0.009999999999999787,176,61619.0,卖盘
11:14:31,3.5,0.0,700,245039.0,卖盘
11:14:34,3.5,0.0,884,308567.0,中性盘
11:14:37,3.49,-0.009999999999999787,351,122801.0,卖盘
11:14:40,3.49,0.0,415,144859.0,卖盘
11:14:44,3.49,0.0,172,60037.0,卖盘
11:14:47,3.49,0.0,317,110836.0,卖盘
11:14:50,3.49,0.0,3586,1251514.0,卖盘
11:14:53,3.49,0.0,1,349.0,买盘
11:14:56,3.49,0.0,9,3141.0,买盘
11:14:59,3.49,0.0,61,21289.0,买盘
11:15:03,3.48,-0.010000000000000231,404,140606.0,卖盘
11:15:06,3.49,0.010000000000000231,143,49872.0,买盘
11:15:09,3.48,-0.010000000000000231,44,15336.0,卖盘
11:15:12,3.49,0.010000000000000231,261,91034.0,买盘
11:15:15,3.48,-0.010000000000000231,133,46343.0,卖盘
11:15:18,3.48,0.0,193,67221.0,卖盘
11:15:21,3.48,0.0,58,20184.0,卖盘
11:15:24,3.48,0.0,97,33756.0,卖盘
11:15:28,3.48,0.0,107,37236.0,卖盘
11:15:31,3.48,0.0,24,8352.0,卖盘
11:15:34,3.48,0.0,28,9753.0,卖盘
11:15:37,3.48,0.0,147,51182.0,卖盘
11:15:41,3.48,0.0,42,14616.0,卖盘
11:15:44,3.48,0.0,138,48024.0,卖盘
11:15:50,3.48,0.0,293,101970.0,卖盘
11:15:53,3.49,0.010000000000000231,1146,399942.0,买盘
11:15:56,3.49,0.0,268,93532.0,卖盘
11:16:00,3.49,0.0,279,97371.0,卖盘
11:16:03,3.49,0.0,223,77827.0,卖盘
11:16:06,3.49,0.0,63,21987.0,卖盘
11:16:09,3.49,0.0,106,36994.0,卖盘
11:16:12,3.49,0.0,8,2792.0,买盘
11:16:15,3.5,0.009999999999999787,304,106145.0,买盘
11:16:18,3.49,-0.009999999999999787,15,5230.0,中性盘
11:16:21,3.49,0.0,43,14972.0,买盘
11:16:24,3.49,0.0,130,45370.0,买盘
11:16:28,3.49,0.0,1,349.0,买盘
11:16:34,3.49,0.0,89,31061.0,买盘
11:16:38,3.48,-0.010000000000000231,2,696.0,卖盘
11:16:41,3.48,0.0,27,9396.0,卖盘
11:16:44,3.48,0.0,32,11140.0,卖盘
11:16:50,3.48,0.0,47,16356.0,卖盘
11:16:53,3.48,0.0,72,25070.0,卖盘
11:16:57,3.48,0.0,74,25764.0,卖盘
11:17:00,3.48,0.0,183,63684.0,卖盘
11:17:03,3.48,0.0,98,34104.0,卖盘
11:17:06,3.48,0.0,81,28188.0,卖盘
11:17:09,3.48,0.0,109,37938.0,卖盘
11:17:12,3.48,0.0,307,106840.0,卖盘
11:17:15,3.48,0.0,22,7656.0,卖盘
11:17:18,3.48,0.0,633,220357.0,卖盘
11:17:21,3.48,0.0,33,11484.0,买盘
11:17:25,3.48,0.0,11,3828.0,买盘
11:17:31,3.48,0.0,48,16704.0,买盘
11:17:34,3.47,-0.009999999999999787,100,34700.0,卖盘
11:17:38,3.48,0.009999999999999787,48,16701.0,买盘
11:17:41,3.47,-0.009999999999999787,361,125551.0,卖盘
11:17:44,3.47,0.0,88,30536.0,卖盘
11:17:47,3.47,0.0,116,40275.0,卖盘
11:17:50,3.47,0.0,74,25698.0,卖盘
11:17:53,3.47,0.0,7,2429.0,卖盘
11:17:57,3.47,0.0,26,9022.0,卖盘
11:18:00,3.47,0.0,33,11451.0,卖盘
11:18:03,3.47,0.0,987,342489.0,卖盘
11:18:06,3.47,0.0,144,49968.0,卖盘
11:18:09,3.47,0.0,65,22578.0,卖盘
11:18:12,3.47,0.0,221,76687.0,卖盘
11:18:15,3.47,0.0,12,4164.0,卖盘
11:18:18,3.47,0.0,247,85709.0,卖盘
11:18:22,3.47,0.0,108,37476.0,卖盘
11:18:25,3.47,0.0,290,100822.0,卖盘
11:18:28,3.47,0.0,68,23602.0,卖盘
11:18:31,3.47,0.0,269,93573.0,卖盘
11:18:35,3.47,0.0,711,246206.0,卖盘
11:18:38,3.47,0.0,1047,361851.0,买盘
11:18:41,3.47,0.0,549,189492.0,买盘
11:18:44,3.44,-0.03000000000000025,1016,349569.0,卖盘
11:18:47,3.44,0.0,513,176491.0,卖盘
11:18:50,3.45,0.010000000000000231,532,182809.0,中性盘
11:18:54,3.44,-0.010000000000000231,1073,368791.0,卖盘
11:18:57,3.43,-0.009999999999999787,549,188611.0,卖盘
11:19:00,3.43,0.0,526,180509.0,卖盘
11:19:03,3.44,0.009999999999999787,1264,433781.0,卖盘
11:19:06,3.43,-0.009999999999999787,509,174588.0,卖盘
11:19:09,3.43,0.0,639,219945.0,卖盘
11:19:12,3.43,0.0,1203,412767.0,卖盘
11:19:15,3.44,0.009999999999999787,182,62522.0,买盘
11:19:19,3.43,-0.009999999999999787,33,11351.0,卖盘
11:19:22,3.43,0.0,79,27138.0,卖盘
11:19:25,3.43,0.0,294,101118.0,卖盘
11:19:28,3.44,0.009999999999999787,244,83853.0,买盘
11:19:32,3.44,0.0,439,151015.0,买盘
11:19:35,3.44,0.0,179,61519.0,买盘
11:19:38,3.44,0.0,489,168216.0,买盘
11:19:41,3.44,0.0,67,23048.0,卖盘
11:19:44,3.44,0.0,48,16512.0,卖盘
11:19:47,3.44,0.0,25,8620.0,卖盘
11:19:51,3.44,0.0,135,46440.0,卖盘
11:19:54,3.45,0.010000000000000231,4,1377.0,买盘
11:19:57,3.45,0.0,73,25149.0,买盘
11:20:00,3.45,0.0,55,18939.0,买盘
11:20:03,3.44,-0.010000000000000231,83,28552.0,卖盘
11:20:06,3.45,0.010000000000000231,849,292905.0,买盘
11:20:09,3.45,0.0,63,21735.0,买盘
11:20:12,3.45,0.0,40,13800.0,卖盘
11:20:15,3.45,0.0,26,8970.0,卖盘
11:20:19,3.45,0.0,59,20355.0,卖盘
11:20:22,3.45,0.0,39,13462.0,卖盘
11:20:25,3.46,0.009999999999999787,151,52230.0,买盘
11:20:28,3.45,-0.009999999999999787,67,23115.0,卖盘
11:20:32,3.45,0.0,50,17250.0,卖盘
11:20:35,3.45,0.0,36,12450.0,卖盘
11:20:38,3.46,0.009999999999999787,1,346.0,买盘
11:20:41,3.45,-0.009999999999999787,13,4485.0,卖盘
11:20:44,3.45,0.0,13,4493.0,卖盘
11:20:47,3.45,0.0,155,53586.0,卖盘
11:20:51,3.46,0.009999999999999787,40,13840.0,买盘
11:20:54,3.45,-0.009999999999999787,142,48990.0,卖盘
11:20:57,3.45,0.0,19,6561.0,卖盘
11:21:00,3.45,0.0,109,37605.0,卖盘
11:21:03,3.45,0.0,40,13809.0,卖盘
11:21:06,3.45,0.0,91,31395.0,卖盘
11:21:09,3.46,0.009999999999999787,200,69014.0,买盘
11:21:13,3.45,-0.009999999999999787,61,21047.0,卖盘
11:21:16,3.45,0.0,4,1380.0,卖盘
11:21:19,3.45,0.0,44,15180.0,卖盘
11:21:22,3.45,0.0,34,11730.0,卖盘
11:21:26,3.45,0.0,30,10350.0,卖盘
11:21:29,3.45,0.0,61,21045.0,卖盘
11:21:32,3.46,0.009999999999999787,45,15560.0,买盘
11:21:35,3.46,0.0,25,8650.0,买盘
11:21:38,3.45,-0.009999999999999787,15,5181.0,卖盘
11:21:41,3.45,0.0,18,6216.0,卖盘
11:21:44,3.45,0.0,42,14490.0,卖盘
11:21:48,3.46,0.009999999999999787,377,130441.0,买盘
11:21:51,3.46,0.0,16,5536.0,卖盘
11:21:54,3.46,0.0,5,1730.0,卖盘
11:21:57,3.46,0.0,78,26988.0,卖盘
11:22:00,3.46,0.0,289,99994.0,卖盘
11:22:03,3.46,0.0,8,2768.0,卖盘
11:22:06,3.46,0.0,132,45672.0,卖盘
11:22:09,3.46,0.0,418,144628.0,卖盘
11:22:13,3.46,0.0,137,47402.0,卖盘
11:22:16,3.46,0.0,65,22490.0,买盘
11:22:19,3.46,0.0,12,4152.0,买盘
11:22:23,3.45,-0.009999999999999787,6,2071.0,卖盘
11:22:26,3.45,0.0,33,11412.0,卖盘
11:22:29,3.45,0.0,72,24910.0,卖盘
11:22:32,3.45,0.0,20,6904.0,卖盘
11:22:35,3.45,0.0,37,12766.0,卖盘
11:22:38,3.45,0.0,33,11390.0,卖盘
11:22:42,3.45,0.0,112,38662.0,卖盘
11:22:45,3.45,0.0,32,11043.0,卖盘
11:22:48,3.45,0.0,5,1725.0,卖盘
11:22:51,3.45,0.0,12,4150.0,卖盘
11:22:57,3.45,0.0,200,69029.0,卖盘
11:23:00,3.46,0.009999999999999787,238,82348.0,买盘
11:23:03,3.45,-0.009999999999999787,2,690.0,卖盘
11:23:07,3.45,0.0,120,41410.0,卖盘
11:23:10,3.45,0.0,63,21735.0,卖盘
11:23:13,3.45,0.0,3,1035.0,卖盘
11:23:16,3.46,0.009999999999999787,48,16566.0,买盘
11:23:19,3.45,-0.009999999999999787,5,1725.0,卖盘
11:23:23,3.45,0.0,53,18313.0,卖盘
11:23:26,3.45,0.0,62,21405.0,卖盘
11:23:29,3.45,0.0,6,2070.0,卖盘
11:23:32,3.46,0.009999999999999787,10,3455.0,买盘
11:23:35,3.45,-0.009999999999999787,12,4140.0,卖盘
11:23:39,3.45,0.0,14,4841.0,卖盘
11:23:42,3.45,0.0,63,21758.0,卖盘
11:23:45,3.45,0.0,121,41846.0,卖盘
11:23:48,3.45,0.0,15,5175.0,卖盘
11:23:51,3.45,0.0,45,15525.0,卖盘
11:23:54,3.46,0.009999999999999787,52,17942.0,买盘
11:23:57,3.45,-0.009999999999999787,205,70725.0,卖盘
11:24:00,3.45,0.0,16,5520.0,卖盘
11:24:03,3.45,0.0,4,1380.0,卖盘
11:24:07,3.45,0.0,130,44880.0,卖盘
11:24:10,3.45,0.0,54,18636.0,卖盘
11:24:13,3.45,0.0,39,13455.0,卖盘
11:24:17,3.45,0.0,48,16560.0,卖盘
11:24:20,3.45,0.0,6,2070.0,卖盘
11:24:23,3.45,0.0,282,97295.0,卖盘
11:24:26,3.45,0.0,29,10005.0,卖盘
11:24:29,3.45,0.0,15,5175.0,卖盘
11:24:32,3.45,0.0,14,4830.0,卖盘
11:24:36,3.46,0.009999999999999787,78,26950.0,买盘
11:24:39,3.46,0.0,26,8971.0,买盘
11:24:45,3.46,0.0,294,101724.0,买盘
11:24:48,3.45,-0.009999999999999787,1,345.0,卖盘
11:24:54,3.45,0.0,755,260542.0,卖盘
11:24:57,3.45,0.0,27,9316.0,卖盘
11:25:00,3.45,0.0,1006,346539.0,卖盘
11:25:04,3.45,0.0,15,5175.0,买盘
11:25:07,3.45,0.0,78,26877.0,买盘
11:25:10,3.44,-0.010000000000000231,1000,344000.0,卖盘
11:25:13,3.45,0.010000000000000231,3,1035.0,买盘
11:25:17,3.44,-0.010000000000000231,20,6880.0,卖盘
11:25:20,3.44,0.0,41,14105.0,卖盘
11:25:23,3.44,0.0,176,60655.0,卖盘
11:25:26,3.44,0.0,25,8600.0,卖盘
11:25:29,3.44,0.0,90,30979.0,卖盘
11:25:32,3.44,0.0,6,2064.0,卖盘
11:25:36,3.44,0.0,45,15480.0,卖盘
11:25:39,3.45,0.010000000000000231,175,60375.0,买盘
11:25:42,3.44,-0.010000000000000231,14,4816.0,卖盘
11:25:45,3.44,0.0,12,4128.0,卖盘
11:25:48,3.44,0.0,2,688.0,卖盘
11:25:51,3.44,0.0,204,70176.0,卖盘
11:25:54,3.44,0.0,110,37840.0,卖盘
11:25:57,3.44,0.0,40,13765.0,卖盘
11:26:00,3.45,0.010000000000000231,31,10674.0,买盘
11:26:04,3.44,-0.010000000000000231,31,10664.0,卖盘
11:26:07,3.44,0.0,310,106640.0,卖盘
11:26:10,3.45,0.010000000000000231,63,21719.0,买盘
11:26:14,3.45,0.0,94,32430.0,买盘
11:26:17,3.44,-0.010000000000000231,45,15480.0,卖盘
11:26:23,3.45,0.010000000000000231,968,333955.0,买盘
11:26:26,3.45,0.0,85,29325.0,卖盘
11:26:29,3.45,0.0,6,2070.0,卖盘
11:26:33,3.45,0.0,43,14836.0,卖盘
11:26:36,3.46,0.009999999999999787,4,1382.0,买盘
11:26:39,3.45,-0.009999999999999787,14,4830.0,卖盘
11:26:42,3.45,0.0,1,345.0,卖盘
11:26:45,3.45,0.0,51,17595.0,卖盘
11:26:48,3.45,0.0,77,26595.0,卖盘
11:26:51,3.45,0.0,23,7935.0,卖盘
11:26:54,3.45,0.0,12,4140.0,卖盘
11:26:57,3.45,0.0,69,23805.0,卖盘
11:27:00,3.46,0.009999999999999787,51,17596.0,买盘
11:27:04,3.45,-0.009999999999999787,68,23460.0,卖盘
11:27:07,3.45,0.0,395,136275.0,卖盘
11:27:11,3.45,0.0,27,9315.0,卖盘
11:27:14,3.45,0.0,246,84870.0,卖盘
11:27:17,3.45,0.0,7,2415.0,买盘
11:27:20,3.44,-0.010000000000000231,10,3449.0,卖盘
11:27:26,3.44,0.0,14,4816.0,卖盘
11:27:30,3.44,0.0,12,4134.0,卖盘
11:27:33,3.44,0.0,14,4816.0,卖盘
11:27:36,3.44,0.0,39,13416.0,卖盘
11:27:39,3.44,0.0,13,4472.0,卖盘
11:27:42,3.44,0.0,33,11372.0,卖盘
11:27:45,3.44,0.0,143,49292.0,卖盘
11:27:48,3.44,0.0,68,23392.0,卖盘
11:27:51,3.44,0.0,158,54352.0,卖盘
11:27:54,3.44,0.0,37,12728.0,卖盘
11:27:58,3.44,0.0,2128,732083.0,卖盘
11:28:01,3.44,0.0,6,2066.0,卖盘
11:28:04,3.45,0.010000000000000231,57,19616.0,买盘
11:28:07,3.45,0.0,93,32052.0,买盘
11:28:14,3.45,0.0,211,72795.0,买盘
11:28:17,3.44,-0.010000000000000231,61,20986.0,卖盘
11:28:20,3.44,0.0,26,8949.0,卖盘
11:28:23,3.45,0.010000000000000231,142,48983.0,买盘
11:28:27,3.44,-0.010000000000000231,7,2408.0,卖盘
11:28:30,3.44,0.0,65,22360.0,卖盘
11:28:33,3.44,0.0,20,6880.0,卖盘
11:28:36,3.44,0.0,29,9976.0,卖盘
11:28:39,3.44,0.0,1672,575168.0,卖盘
11:28:42,3.44,0.0,140,48162.0,卖盘
11:28:45,3.45,0.010000000000000231,169,58137.0,买盘
11:28:51,3.45,0.0,11,3795.0,买盘
11:28:55,3.45,0.0,883,304635.0,买盘
11:28:58,3.44,-0.010000000000000231,18,6208.0,卖盘
11:29:01,3.44,0.0,83,28627.0,卖盘
11:29:05,3.44,0.0,54,18607.0,卖盘
11:29:08,3.44,0.0,91,31334.0,卖盘
11:29:11,3.44,0.0,74,25456.0,卖盘
11:29:14,3.44,0.0,3,1032.0,卖盘
11:29:17,3.44,0.0,22,7568.0,卖盘
11:29:20,3.44,0.0,201,69144.0,卖盘
11:29:24,3.44,0.0,12,4128.0,卖盘
11:29:27,3.45,0.010000000000000231,37,12758.0,买盘
11:29:30,3.45,0.0,6,2070.0,买盘
11:29:33,3.45,0.0,126,43352.0,买盘
11:29:36,3.44,-0.010000000000000231,1,344.0,卖盘
11:29:39,3.45,0.010000000000000231,485,167325.0,买盘
11:29:52,3.45,0.0,30,10350.0,买盘
11:29:55,3.45,0.0,72,24840.0,买盘
11:29:58,3.45,0.0,1,345.0,买盘
11:30:00,3.44,-0.010000000000000231,15,5167.0,卖盘
13:00:02,3.42,-0.020000000000000018,6524,2236562.0,卖盘
13:00:05,3.45,0.03000000000000025,3999,1374293.0,买盘
13:00:08,3.44,-0.010000000000000231,955,329435.0,卖盘
13:00:12,3.45,0.010000000000000231,161,55540.0,买盘
13:00:15,3.44,-0.010000000000000231,108,37185.0,卖盘
13:00:18,3.44,0.0,4,1376.0,卖盘
13:00:21,3.45,0.010000000000000231,32,11009.0,买盘
13:00:24,3.44,-0.010000000000000231,124,42754.0,卖盘
13:00:27,3.44,0.0,19,6541.0,卖盘
13:00:30,3.44,0.0,33,11352.0,卖盘
13:00:33,3.44,0.0,2014,692821.0,卖盘
13:00:40,3.44,0.0,316,108704.0,卖盘
13:00:43,3.44,0.0,656,225664.0,买盘
13:00:46,3.44,0.0,79,27176.0,卖盘
13:00:50,3.45,0.010000000000000231,3,1035.0,买盘
13:00:53,3.44,-0.010000000000000231,51,17544.0,卖盘
13:00:56,3.44,0.0,15,5160.0,买盘
13:00:59,3.44,0.0,26,8944.0,买盘
13:01:02,3.44,0.0,10,3440.0,买盘
13:01:05,3.44,0.0,4,1376.0,买盘
13:01:09,3.44,0.0,160,54930.0,中性盘
13:01:15,3.43,-0.009999999999999787,231,79233.0,卖盘
13:01:18,3.43,0.0,35,12005.0,买盘
13:01:21,3.42,-0.010000000000000231,14,4788.0,卖盘
13:01:24,3.43,0.010000000000000231,128,43934.0,买盘
13:01:34,3.43,0.0,790,270970.0,卖盘
13:01:37,3.43,0.0,276,94668.0,卖盘
13:01:40,3.44,0.009999999999999787,6,2064.0,买盘
13:01:44,3.44,0.0,30,10320.0,买盘
13:01:47,3.44,0.0,28,9625.0,买盘
13:01:53,3.43,-0.009999999999999787,3,1029.0,卖盘
13:02:02,3.43,0.0,276,94671.0,卖盘
13:02:06,3.44,0.009999999999999787,77,26473.0,买盘
13:02:12,3.43,-0.009999999999999787,56,19211.0,卖盘
13:02:15,3.44,0.009999999999999787,7,2408.0,买盘
13:02:18,3.44,0.0,301,103544.0,买盘
13:02:21,3.44,0.0,193,66392.0,卖盘
13:02:24,3.44,0.0,74,25456.0,卖盘
13:02:31,3.44,0.0,8,2752.0,买盘
13:02:34,3.44,0.0,22,7568.0,买盘
13:02:37,3.44,0.0,3,1032.0,买盘
13:02:41,3.44,0.0,61,20984.0,买盘
13:02:47,3.44,0.0,26,9219.199999988079,买盘
13:02:50,3.44,0.0,4,1444.800000011921,卖盘
13:02:53,3.45,0.010000000000000231,38,13100.199999988079,买盘
13:02:56,3.44,-0.010000000000000231,1,344.0,中性盘
13:03:00,3.45,0.010000000000000231,11,3793.0,买盘
13:03:03,3.44,-0.010000000000000231,54,18574.0,中性盘
13:03:06,3.44,0.0,30,10320.0,卖盘
13:03:09,3.44,0.0,133,45752.0,卖盘
13:03:12,3.43,-0.009999999999999787,119,40925.0,卖盘
13:03:15,3.44,0.009999999999999787,1,344.0,买盘
13:03:25,3.43,-0.009999999999999787,10,3430.0,卖盘
13:03:28,3.43,0.0,41,14063.0,卖盘
13:03:31,3.43,0.0,12,4116.0,卖盘
13:04:00,3.44,0.009999999999999787,15,5160.0,买盘
13:04:06,3.43,-0.009999999999999787,35,12010.0,卖盘
13:04:09,3.43,0.0,33,11319.0,卖盘
13:04:12,3.43,0.0,78,26754.0,卖盘
13:04:18,3.43,0.0,271,92965.0,卖盘
13:04:21,3.43,0.0,41,14063.0,卖盘
13:04:25,3.44,0.009999999999999787,20,6880.0,买盘
13:04:31,3.43,-0.009999999999999787,98,33614.0,卖盘
13:04:35,3.43,0.0,23,7889.0,卖盘
13:04:38,3.44,0.009999999999999787,305,104915.0,买盘
13:04:41,3.45,0.010000000000000231,215,73980.0,买盘
13:04:44,3.43,-0.020000000000000018,123,42212.0,卖盘
13:04:54,3.44,0.009999999999999787,4,1376.0,卖盘
13:05:03,3.44,0.0,1,344.0,卖盘
13:05:06,3.44,0.0,349,120056.0,卖盘
13:05:09,3.44,0.0,60,20640.0,卖盘
13:05:12,3.44,0.0,8,2752.0,卖盘
13:05:15,3.45,0.010000000000000231,118,40710.0,买盘
13:05:18,3.44,-0.010000000000000231,241,83105.0,卖盘
13:05:22,3.45,0.010000000000000231,11,3795.0,买盘
13:05:25,3.45,0.0,44,15140.0,卖盘
13:05:28,3.45,0.0,122,42149.0,卖盘
13:05:32,3.44,-0.010000000000000231,47,16192.0,卖盘
13:05:38,3.44,0.0,37,12728.0,卖盘
13:05:41,3.44,0.0,32,11008.0,卖盘
13:05:44,3.44,0.0,121,41624.0,卖盘
13:05:48,3.44,0.0,55,18920.0,卖盘
13:05:51,3.44,0.0,95,32688.0,卖盘
13:05:54,3.44,0.0,188,64672.0,卖盘
13:06:00,3.45,0.010000000000000231,11,3795.0,买盘
13:06:03,3.45,0.0,34,11697.0,买盘
13:06:06,3.45,0.0,44,15146.0,买盘
13:06:12,3.45,0.0,3,1035.0,买盘
13:06:16,3.45,0.0,23,7934.0,买盘
13:06:19,3.44,-0.010000000000000231,22,7588.0,卖盘
13:06:22,3.45,0.010000000000000231,29,10005.0,买盘
13:06:32,3.45,0.0,28,9660.0,买盘
13:06:35,3.45,0.0,215,74175.0,买盘
13:06:38,3.45,0.0,3,1035.0,买盘
13:06:41,3.45,0.0,39,13455.0,买盘
13:06:45,3.45,0.0,312,107640.0,中性盘
13:06:48,3.45,0.0,314,108330.0,卖盘
13:06:51,3.45,0.0,55,18975.0,卖盘
13:06:54,3.45,0.0,157,54165.0,卖盘
13:06:57,3.45,0.0,55,18975.0,卖盘
13:07:00,3.45,0.0,19,6555.0,买盘
13:07:03,3.45,0.0,156,53704.0,买盘
13:07:06,3.45,0.0,6,2070.0,中性盘
13:07:09,3.45,0.0,8,2760.0,买盘
13:07:13,3.45,0.0,2,690.0,买盘
13:07:16,3.45,0.0,105,36225.0,买盘
13:07:19,3.45,0.0,122,42090.0,买盘
13:07:23,3.45,0.0,2,690.0,买盘
13:07:26,3.45,0.0,54,18630.0,买盘
13:07:29,3.45,0.0,3,1033.0,买盘
13:07:32,3.45,0.0,10,3450.0,买盘
13:07:35,3.45,0.0,2,690.0,买盘
13:07:38,3.45,0.0,8,2760.0,买盘
13:07:42,3.44,-0.010000000000000231,29,9976.0,卖盘
13:07:45,3.45,0.010000000000000231,54,18630.0,买盘
13:07:48,3.45,0.0,6,2070.0,买盘
13:07:54,3.45,0.0,18,6210.0,买盘
13:07:57,3.45,0.0,34,11730.0,买盘
13:08:00,3.45,0.0,38,13110.0,买盘
13:08:03,3.45,0.0,54,18630.0,买盘
13:08:10,3.44,-0.010000000000000231,201,69171.0,卖盘
13:08:13,3.44,0.0,21,7237.0,卖盘
13:08:17,3.45,0.010000000000000231,6,2070.0,买盘
13:08:20,3.44,-0.010000000000000231,1,344.0,卖盘
13:08:26,3.45,0.010000000000000231,3,1035.0,买盘
13:08:32,3.45,0.0,30,10350.0,买盘
13:08:36,3.45,0.0,51,17595.0,买盘
13:08:39,3.45,0.0,160,55199.0,买盘
13:08:42,3.46,0.009999999999999787,78,26940.0,买盘
13:08:45,3.45,-0.009999999999999787,11,3795.0,卖盘
13:08:48,3.45,0.0,3,1035.0,卖盘
13:08:54,3.45,0.0,61,21045.0,卖盘
13:08:57,3.45,0.0,380,131100.0,卖盘
13:09:00,3.45,0.0,502,173190.0,卖盘
13:09:03,3.42,-0.03000000000000025,6965,2388258.0,卖盘
13:09:10,3.45,0.03000000000000025,3,1035.0,买盘
13:09:13,3.44,-0.010000000000000231,29,9996.0,卖盘
13:09:16,3.44,0.0,7,2408.0,买盘
13:09:20,3.43,-0.009999999999999787,18,6174.0,卖盘
13:09:23,3.43,0.0,17,5831.0,买盘
13:09:26,3.42,-0.010000000000000231,5,1712.0,卖盘
13:09:29,3.43,0.010000000000000231,30,10290.0,买盘
13:09:32,3.42,-0.010000000000000231,24,8212.0,卖盘
13:09:36,3.42,0.0,142,48581.0,卖盘
13:09:39,3.42,0.0,54,18468.0,卖盘
13:09:42,3.43,0.010000000000000231,50,17150.0,买盘
13:09:48,3.43,0.0,68,23324.0,买盘
13:09:51,3.42,-0.010000000000000231,5,1710.0,卖盘
13:09:54,3.42,0.0,10,3420.0,卖盘
13:09:57,3.43,0.010000000000000231,1,343.0,买盘
13:10:00,3.43,0.0,11,3773.0,买盘
13:10:04,3.43,0.0,22,7546.0,买盘
13:10:07,3.43,0.0,10,3430.0,买盘
13:10:10,3.42,-0.010000000000000231,108,37036.0,卖盘
13:10:14,3.43,0.010000000000000231,54,18522.0,买盘
13:10:17,3.43,0.0,341,116809.0,买盘
13:10:20,3.43,0.0,58,19950.0,卖盘
13:10:26,3.44,0.009999999999999787,27,9288.0,买盘
13:10:29,3.44,0.0,17,5839.0,买盘
13:10:33,3.44,0.0,89,30616.0,卖盘
13:10:36,3.44,0.0,61,20984.0,卖盘
13:10:39,3.44,0.0,64,22016.0,卖盘
13:10:42,3.44,0.0,81,27874.0,卖盘
13:10:45,3.45,0.010000000000000231,78,26859.0,买盘
13:10:48,3.44,-0.010000000000000231,162,55746.0,卖盘
13:10:51,3.45,0.010000000000000231,79,27255.0,买盘
13:10:54,3.45,0.0,31,10695.0,买盘
13:10:58,3.44,-0.010000000000000231,82,28208.0,卖盘
13:11:01,3.44,0.0,45,15480.0,卖盘
13:11:04,3.45,0.010000000000000231,371,127927.0,买盘
13:11:07,3.44,-0.010000000000000231,26,8944.0,卖盘
13:11:11,3.44,0.0,43,14805.0,卖盘
13:11:14,3.44,0.0,86,29584.0,卖盘
13:11:17,3.45,0.010000000000000231,3,1035.0,买盘
13:11:20,3.45,0.0,6,2070.0,买盘
13:11:23,3.45,0.0,138,47610.0,买盘
13:11:27,3.45,0.0,116,40020.0,买盘
13:11:30,3.45,0.0,20,6900.0,买盘
13:11:36,3.44,-0.010000000000000231,23,7912.0,卖盘
13:11:39,3.44,0.0,1,344.0,卖盘
13:11:42,3.45,0.010000000000000231,104,35880.0,买盘
13:11:45,3.44,-0.010000000000000231,303,104239.0,卖盘
13:11:48,3.45,0.010000000000000231,8,2760.0,买盘
13:11:55,3.44,-0.010000000000000231,11,3785.0,卖盘
13:11:58,3.44,0.0,29,9976.0,卖盘
13:12:01,3.44,0.0,11,3784.0,卖盘
13:12:05,3.44,0.0,44,15146.0,卖盘
13:12:08,3.44,0.0,48,16515.0,卖盘
13:12:11,3.44,0.0,150,51726.0,卖盘
13:12:14,3.44,0.0,60,20640.0,卖盘
13:12:17,3.44,0.0,45,15485.0,卖盘
13:12:20,3.44,0.0,224,77056.0,卖盘
13:12:27,3.45,0.010000000000000231,10,3450.0,买盘
13:12:30,3.45,0.0,3,1035.0,买盘
13:12:33,3.45,0.0,206,70870.0,买盘
13:12:36,3.44,-0.010000000000000231,50,17200.0,卖盘
13:12:39,3.44,0.0,71,24457.0,卖盘
13:12:45,3.45,0.010000000000000231,14,4824.0,买盘
13:12:48,3.44,-0.010000000000000231,91,31304.0,卖盘
13:12:58,3.45,0.010000000000000231,94,32430.0,买盘
13:13:01,3.45,0.0,28,9660.0,买盘
13:13:08,3.45,0.0,94,32396.0,买盘
13:13:11,3.45,0.0,52,17940.0,买盘
13:13:14,3.45,0.0,4,1380.0,买盘
13:13:17,3.45,0.0,315,108675.0,买盘
13:13:21,3.45,0.0,119,41055.0,买盘
13:13:24,3.45,0.0,25,8620.0,买盘
13:13:27,3.45,0.0,2,690.0,买盘
13:13:30,3.45,0.0,38,13110.0,买盘
13:13:33,3.45,0.0,1,345.0,买盘
13:13:36,3.45,0.0,307,105915.0,买盘
13:13:39,3.45,0.0,122,42090.0,买盘
13:13:42,3.45,0.0,145,50025.0,买盘
13:13:46,3.45,0.0,163,56197.0,卖盘
13:13:52,3.45,0.0,98,33810.0,卖盘
13:13:55,3.45,0.0,12,4140.0,卖盘
13:13:59,3.45,0.0,46,15870.0,卖盘
13:14:05,3.45,0.0,1,345.0,卖盘
13:14:08,3.45,0.0,43,14835.0,卖盘
13:14:11,3.45,0.0,12,4140.0,卖盘
13:14:14,3.45,0.0,12,4140.0,卖盘
13:14:18,3.45,0.0,32,11040.0,卖盘
13:14:24,3.45,0.0,8,2760.0,卖盘
13:14:27,3.45,0.0,400,138000.0,卖盘
13:14:30,3.45,0.0,118,40712.0,卖盘
13:14:33,3.45,0.0,48,16560.0,卖盘
13:14:36,3.46,0.009999999999999787,127,43821.0,买盘
13:14:43,3.45,-0.009999999999999787,5,1725.0,卖盘
13:14:46,3.45,0.0,25,8630.0,卖盘
13:14:49,3.46,0.009999999999999787,1,346.0,买盘
13:14:59,3.45,-0.009999999999999787,113,38985.0,卖盘
13:15:02,3.45,0.0,188,64860.0,卖盘
13:15:05,3.45,0.0,256,88243.0,卖盘
13:15:08,3.44,-0.010000000000000231,251,86354.0,卖盘
13:15:12,3.44,0.0,131,45094.0,卖盘
13:15:15,3.44,0.0,117,40250.0,卖盘
13:15:18,3.44,0.0,131,45108.0,卖盘
13:15:21,3.44,0.0,47,16168.0,卖盘
13:15:24,3.44,0.0,78,26832.0,卖盘
13:15:27,3.44,0.0,259,89097.0,卖盘
13:15:30,3.44,0.0,91,31309.0,卖盘
13:15:36,3.44,0.0,1,344.0,卖盘
13:15:40,3.44,0.0,3,1032.0,卖盘
13:15:43,3.44,0.0,207,71228.0,卖盘
13:15:46,3.45,0.010000000000000231,5,1725.0,买盘
13:15:53,3.45,0.0,30,10350.0,买盘
13:15:56,3.45,0.0,1,345.0,买盘
13:15:59,3.44,-0.010000000000000231,66,22705.0,卖盘
13:16:02,3.44,0.0,8,2752.0,卖盘
13:16:05,3.45,0.010000000000000231,3,1035.0,买盘
13:16:09,3.44,-0.010000000000000231,100,34400.0,卖盘
13:16:15,3.44,0.0,25,8600.0,卖盘
13:16:18,3.45,0.010000000000000231,3,1035.0,买盘
13:16:21,3.44,-0.010000000000000231,44,15136.0,卖盘
13:16:24,3.44,0.0,12,4128.0,卖盘
13:16:40,3.44,0.0,20,6880.0,卖盘
13:16:50,3.44,0.0,122,41968.0,卖盘
13:16:53,3.44,0.0,1,344.0,卖盘
13:16:56,3.44,0.0,3,1032.0,卖盘
13:16:59,3.45,0.010000000000000231,13,4475.0,买盘
13:17:02,3.44,-0.010000000000000231,165,56760.0,卖盘
13:17:06,3.44,0.0,10,3440.0,卖盘
13:17:09,3.44,0.0,37,12728.0,卖盘
13:17:15,3.44,0.0,410,141040.0,卖盘
13:17:18,3.44,0.0,13,4472.0,卖盘
13:17:21,3.44,0.0,25,8600.0,卖盘
13:17:28,3.44,0.0,2,688.0,卖盘
13:17:37,3.45,0.010000000000000231,5,1725.0,买盘
13:17:44,3.44,-0.010000000000000231,81,27864.0,卖盘
13:17:47,3.44,0.0,2,688.0,卖盘
13:17:50,3.45,0.010000000000000231,1,345.0,买盘
13:17:53,3.45,0.0,50,17250.0,买盘
13:18:00,3.44,-0.010000000000000231,1,344.0,卖盘
13:18:03,3.45,0.010000000000000231,5,1725.0,买盘
13:18:06,3.45,0.0,2,689.0,买盘
13:18:09,3.44,-0.010000000000000231,84,28896.0,卖盘
13:18:12,3.45,0.010000000000000231,1980,683092.0,买盘
13:18:15,3.45,0.0,4,1381.0,卖盘
13:18:18,3.46,0.009999999999999787,45,15570.0,买盘
13:18:31,3.46,0.0,41,14186.0,买盘
13:18:34,3.46,0.0,29,10033.0,买盘
13:18:37,3.46,0.0,21,7266.0,买盘
13:18:41,3.46,0.0,66,22836.0,买盘
13:18:44,3.46,0.0,17,5882.0,买盘
13:18:47,3.46,0.0,27,9342.0,买盘
13:18:53,3.45,-0.009999999999999787,257,88693.0,卖盘
13:18:57,3.45,0.0,432,149056.0,卖盘
13:19:00,3.45,0.0,226,77975.0,卖盘
13:19:03,3.45,0.0,23,7935.0,卖盘
13:19:06,3.45,0.0,84,28989.0,卖盘
13:19:09,3.45,0.0,84,28980.0,卖盘
13:19:12,3.45,0.0,191,65908.0,卖盘
13:19:15,3.45,0.0,45,15525.0,卖盘
13:19:18,3.45,0.0,272,93840.0,卖盘
13:19:22,3.45,0.0,56,19320.0,卖盘
13:19:25,3.45,0.0,159,54855.0,卖盘
13:19:28,3.45,0.0,870,300150.0,卖盘
13:19:31,3.45,0.0,36,12420.0,买盘
13:19:35,3.45,0.0,100,34500.0,买盘
13:19:38,3.44,-0.010000000000000231,34,11716.0,卖盘
13:19:41,3.45,0.010000000000000231,10,3450.0,买盘
13:19:44,3.45,0.0,50,17250.0,买盘
13:19:47,3.45,0.0,317,109349.0,买盘
13:19:50,3.46,0.009999999999999787,3,1038.0,买盘
13:19:54,3.45,-0.009999999999999787,35,12075.0,卖盘
13:20:06,3.45,0.0,64,22080.0,卖盘
13:20:09,3.45,0.0,33,11385.0,卖盘
13:20:12,3.45,0.0,1,345.0,卖盘
13:20:15,3.45,0.0,42,14490.0,卖盘
13:20:19,3.45,0.0,7,2415.0,卖盘
13:20:22,3.45,0.0,113,38988.0,卖盘
13:20:25,3.45,0.0,59,20355.0,卖盘
13:20:29,3.45,0.0,63,21735.0,卖盘
13:20:32,3.45,0.0,2,690.0,卖盘
13:20:35,3.46,0.009999999999999787,190,65601.0,买盘
13:20:48,3.46,0.0,1,346.0,买盘
13:20:54,3.46,0.0,2,691.0,买盘
13:20:57,3.45,-0.009999999999999787,2,690.0,卖盘
13:21:00,3.45,0.0,57,19672.0,卖盘
13:21:03,3.45,0.0,9,3105.0,卖盘
13:21:06,3.46,0.009999999999999787,38,13115.0,买盘
13:21:12,3.45,-0.009999999999999787,21,7247.0,卖盘
13:21:16,3.45,0.0,7,2415.0,卖盘
13:21:19,3.45,0.0,9,3105.0,卖盘
13:21:22,3.46,0.009999999999999787,5,1730.0,买盘
13:21:25,3.45,-0.009999999999999787,1,345.0,卖盘
13:21:29,3.45,0.0,38,13110.0,卖盘
13:21:32,3.46,0.009999999999999787,10,3460.0,买盘
13:21:35,3.46,0.0,23,7957.0,买盘
13:21:44,3.46,0.0,13,4498.0,买盘
13:21:48,3.46,0.0,1,346.0,买盘
13:21:51,3.46,0.0,6,2076.0,买盘
13:21:54,3.46,0.0,110,38050.0,买盘
13:21:57,3.45,-0.009999999999999787,32,11040.0,卖盘
13:22:00,3.45,0.0,1,345.0,卖盘
13:22:03,3.45,0.0,229,79063.0,卖盘
13:22:06,3.45,0.0,456,157320.0,卖盘
13:22:09,3.45,0.0,432,149040.0,卖盘
13:22:13,3.45,0.0,276,95220.0,卖盘
13:22:16,3.45,0.0,95,32775.0,卖盘
13:22:19,3.45,0.0,346,119370.0,卖盘
13:22:22,3.45,0.0,444,153047.0,卖盘
13:22:26,3.45,0.0,5,1725.0,买盘
13:22:29,3.45,0.0,1,345.0,买盘
13:22:32,3.44,-0.010000000000000231,18,6192.0,卖盘
13:22:35,3.44,0.0,42,14448.0,卖盘
13:22:38,3.45,0.010000000000000231,10,3450.0,买盘
13:22:41,3.45,0.0,30,10350.0,买盘
13:22:45,3.44,-0.010000000000000231,94,32336.0,卖盘
13:22:54,3.45,0.010000000000000231,10,3450.0,买盘
13:22:57,3.44,-0.010000000000000231,27,9288.0,卖盘
13:23:00,3.44,0.0,16,5505.0,卖盘
13:23:03,3.44,0.0,50,17208.0,卖盘
13:23:06,3.44,0.0,33,11352.0,卖盘
13:23:10,3.45,0.010000000000000231,105,36130.0,买盘
13:23:13,3.45,0.0,23,7935.0,买盘
13:23:20,3.45,0.0,637,219207.0,买盘
13:23:26,3.44,-0.010000000000000231,8,2752.0,卖盘
13:23:29,3.45,0.010000000000000231,252,86940.0,买盘
13:23:35,3.44,-0.010000000000000231,54,18591.0,卖盘
13:23:39,3.44,0.0,61,21034.0,卖盘
13:23:42,3.45,0.010000000000000231,2,690.0,买盘
13:23:45,3.44,-0.010000000000000231,37,12736.0,卖盘
13:23:51,3.45,0.010000000000000231,91,31395.0,买盘
13:23:54,3.45,0.0,9,3105.0,买盘
13:23:57,3.44,-0.010000000000000231,38,13072.0,卖盘
13:24:00,3.45,0.010000000000000231,30,10350.0,买盘
13:24:03,3.44,-0.010000000000000231,410,141386.0,卖盘
13:24:07,3.45,0.010000000000000231,39,13421.0,买盘
13:24:10,3.45,0.0,6,2070.0,买盘
13:24:20,3.45,0.0,1,345.0,买盘
13:24:23,3.45,0.0,13,4485.0,买盘
13:24:26,3.44,-0.010000000000000231,306,105264.0,卖盘
13:24:29,3.44,0.0,118,40592.0,卖盘
13:24:32,3.45,0.010000000000000231,107,36903.0,买盘
13:24:35,3.44,-0.010000000000000231,51,17544.0,卖盘
13:24:39,3.44,0.0,527,181373.0,卖盘
13:24:42,3.44,0.0,101,34744.0,卖盘
13:24:45,3.44,0.0,31,10664.0,卖盘
13:24:48,3.45,0.010000000000000231,9,3101.0,买盘
13:24:54,3.45,0.0,3,1035.0,买盘
13:24:57,3.44,-0.010000000000000231,100,34400.0,卖盘
13:25:00,3.44,0.0,139,47816.0,卖盘
13:25:04,3.44,0.0,379,130152.0,买盘
13:25:07,3.45,0.010000000000000231,77,26531.0,买盘
13:25:10,3.43,-0.020000000000000018,67,22986.0,卖盘
13:25:14,3.44,0.009999999999999787,26,8933.0,中性盘
13:25:17,3.44,0.0,65,22360.0,卖盘
13:25:20,3.44,0.0,4,1376.0,买盘
13:25:23,3.44,0.0,8,2752.0,买盘
13:25:26,3.44,0.0,1,344.0,买盘
13:25:36,3.43,-0.009999999999999787,25,8575.0,卖盘
13:25:42,3.44,0.009999999999999787,10,3440.0,买盘
13:25:48,3.44,0.0,8,2752.0,买盘
13:25:51,3.44,0.0,20,6880.0,买盘
13:25:54,3.44,0.0,2,688.0,买盘
13:25:57,3.44,0.0,32,11008.0,买盘
13:26:04,3.44,0.0,6,2064.0,买盘
13:26:07,3.44,0.0,5,1720.0,买盘
13:26:10,3.44,0.0,63,21671.0,买盘
13:26:14,3.44,0.0,11,3784.0,买盘
13:26:17,3.44,0.0,73,25112.0,买盘
13:26:20,3.44,0.0,344,118336.0,卖盘
13:26:23,3.44,0.0,39,13422.0,卖盘
13:26:26,3.44,0.0,9,3096.0,卖盘
13:26:29,3.44,0.0,2,688.0,卖盘
13:26:33,3.44,0.0,1,344.0,卖盘
13:26:39,3.44,0.0,10,3440.0,卖盘
13:26:45,3.44,0.0,37,12728.0,卖盘
13:26:48,3.45,0.010000000000000231,34,11726.0,买盘
13:26:51,3.44,-0.010000000000000231,8,2752.0,卖盘
13:26:55,3.44,0.0,14,4818.0,卖盘
13:26:58,3.45,0.010000000000000231,59,20316.0,买盘
13:27:01,3.45,0.0,40,13800.0,买盘
13:27:04,3.44,-0.010000000000000231,2,688.0,卖盘
13:27:08,3.44,0.0,34,11696.0,卖盘
13:27:11,3.44,0.0,153,52632.0,卖盘
13:27:14,3.44,0.0,19,6546.0,卖盘
13:27:17,3.44,0.0,28,9632.0,卖盘
13:27:20,3.44,0.0,14,4816.0,卖盘
13:27:23,3.44,0.0,17,5848.0,卖盘
13:27:27,3.44,0.0,38,13072.0,卖盘
13:27:30,3.44,0.0,107,36887.0,卖盘
13:27:33,3.44,0.0,1,344.0,卖盘
13:27:36,3.44,0.0,26,8944.0,卖盘
13:27:39,3.44,0.0,14,4819.0,卖盘
13:27:45,3.45,0.010000000000000231,26,8966.0,买盘
13:27:48,3.44,-0.010000000000000231,47,16168.0,卖盘
13:27:52,3.44,0.0,23,7922.0,卖盘
13:28:01,3.45,0.010000000000000231,10,3450.0,买盘
13:28:05,3.45,0.0,16,5519.0,买盘
13:28:08,3.44,-0.010000000000000231,33,11352.0,卖盘
13:28:11,3.45,0.010000000000000231,2,690.0,买盘
13:28:14,3.44,-0.010000000000000231,5,1720.0,卖盘
13:28:17,3.44,0.0,2,688.0,卖盘
13:28:20,3.44,0.0,1,344.0,卖盘
13:28:24,3.45,0.010000000000000231,15,5175.0,买盘
13:28:27,3.45,0.0,160,55057.0,买盘
13:28:30,3.44,-0.010000000000000231,269,92536.0,卖盘
13:28:33,3.44,0.0,247,84968.0,卖盘
13:28:36,3.44,0.0,41,14104.0,卖盘
13:28:42,3.44,0.0,5,1720.0,卖盘
13:28:49,3.44,0.0,284,97696.0,卖盘
13:28:52,3.44,0.0,50,17200.0,卖盘
13:28:55,3.45,0.010000000000000231,20,6900.0,买盘
13:29:05,3.45,0.0,29,10005.0,买盘
13:29:08,3.45,0.0,80,27567.0,买盘
13:29:11,3.44,-0.010000000000000231,13,4477.0,卖盘
13:29:14,3.45,0.010000000000000231,718,247698.0,买盘
13:29:18,3.45,0.0,52,17940.0,买盘
13:29:21,3.44,-0.010000000000000231,19,6536.0,卖盘
13:29:24,3.45,0.010000000000000231,166,57270.0,买盘
13:29:27,3.45,0.0,1,345.0,买盘
13:29:33,3.44,-0.010000000000000231,128,44032.0,卖盘
13:29:36,3.45,0.010000000000000231,12,4140.0,买盘
13:29:42,3.44,-0.010000000000000231,44,15136.0,卖盘
13:29:46,3.45,0.010000000000000231,71,24425.0,买盘
13:29:49,3.44,-0.010000000000000231,83,28552.0,卖盘
13:29:51,3.44,0.0,26,8944.0,卖盘
13:29:59,3.45,0.010000000000000231,3,1035.0,买盘
13:30:02,3.44,-0.010000000000000231,13,4475.0,卖盘
13:30:05,3.45,0.010000000000000231,2,690.0,买盘
13:30:08,3.44,-0.010000000000000231,34,11696.0,卖盘
13:30:18,3.44,0.0,41,14104.0,卖盘
13:30:21,3.45,0.010000000000000231,23,7913.0,买盘
13:30:30,3.44,-0.010000000000000231,73,25112.0,卖盘
13:30:39,3.45,0.010000000000000231,33,11385.0,买盘
13:30:46,3.45,0.0,1,345.0,买盘
