成交时间,成交价,价格变动,成交量（手）,成交额（元）,性质
09:30:01,3.45,0.0,1530,527657.0,买盘
09:30:03,3.45,0.0,5455,1879446.0,卖盘
09:30:06,3.45,0.0,1260,434742.0,卖盘
09:30:09,3.45,0.0,1345,464095.0,卖盘
09:30:12,3.46,0.009999999999999787,1032,357100.0,买盘
09:30:17,3.46,0.0,725,251566.0,卖盘
09:30:20,3.48,0.020000000000000018,934,324733.0,买盘
09:30:23,3.48,0.0,174,60537.0,买盘
09:30:26,3.47,-0.009999999999999787,1957,681118.0,卖盘
09:30:30,3.48,0.009999999999999787,206,71681.0,买盘
09:30:33,3.48,0.0,386,134101.0,买盘
09:30:36,3.47,-0.009999999999999787,1029,356862.0,卖盘
09:30:39,3.47,0.0,398,138084.0,买盘
09:30:42,3.47,0.0,616,213548.0,买盘
09:30:45,3.47,0.0,449,155673.0,买盘
09:30:48,3.45,-0.020000000000000018,462,160102.0,卖盘
09:30:51,3.47,0.020000000000000018,213,73721.0,买盘
09:30:54,3.46,-0.010000000000000231,573,198573.0,卖盘
09:30:57,3.46,0.0,183,63321.0,买盘
09:31:00,3.46,0.0,367,126982.0,买盘
09:31:03,3.46,0.0,144,49786.0,买盘
09:31:06,3.46,0.0,731,252885.0,买盘
09:31:09,3.46,0.0,468,162174.0,卖盘
09:31:14,3.46,0.0,1106,381947.0,卖盘
09:31:17,3.46,0.0,330,114158.0,买盘
09:31:18,3.46,0.0,217,75014.0,买盘
09:31:23,3.45,-0.009999999999999787,527,182035.0,卖盘
09:31:26,3.46,0.009999999999999787,1682,580484.0,买盘
09:31:30,3.45,-0.009999999999999787,587,202516.0,卖盘
09:31:33,3.45,0.0,1247,430215.0,买盘
09:31:36,3.45,0.0,3350,1152264.0,买盘
09:31:39,3.45,0.0,618,212956.0,买盘
09:31:42,3.44,-0.010000000000000231,304,104680.0,卖盘
09:31:45,3.46,0.020000000000000018,2659,915888.0,买盘
09:31:48,3.47,0.010000000000000231,291,100752.0,买盘
09:31:51,3.47,0.0,500,173021.0,买盘
09:31:54,3.46,-0.010000000000000231,325,112323.0,中性盘
09:31:57,3.46,0.0,76,26292.0,买盘
09:32:00,3.46,0.0,426,147117.0,买盘
09:32:03,3.46,0.0,176,60912.0,买盘
09:32:07,3.46,0.0,408,140923.0,买盘
09:32:11,3.46,0.0,378,130740.0,买盘
09:32:14,3.45,-0.009999999999999787,2296,789385.0,卖盘
09:32:17,3.45,0.0,914,315365.0,买盘
09:32:20,3.45,0.0,828,285624.0,卖盘
09:32:24,3.43,-0.020000000000000018,264,90753.0,卖盘
09:32:27,3.44,0.009999999999999787,396,136224.0,买盘
09:32:30,3.44,0.0,384,132159.0,买盘
09:32:33,3.44,0.0,778,266925.0,买盘
09:32:36,3.43,-0.009999999999999787,449,153969.0,卖盘
09:32:39,3.43,0.0,367,125835.0,买盘
09:32:42,3.42,-0.010000000000000231,2679,917915.0,卖盘
09:32:45,3.42,0.0,256,87612.0,卖盘
09:32:48,3.42,0.0,1899,649447.0,卖盘
09:32:51,3.41,-0.009999999999999787,609,207706.0,卖盘
09:32:54,3.41,0.0,423,144313.0,卖盘
09:32:57,3.41,0.0,1092,372492.0,卖盘
09:33:01,3.41,0.0,2845,970138.0,卖盘
09:33:03,3.41,0.0,5852,1989729.0,买盘
09:33:06,3.4,-0.010000000000000231,1210,411759.0,卖盘
09:33:11,3.4,0.0,988,335927.0,卖盘
09:33:14,3.4,0.0,505,171700.0,卖盘
09:33:17,3.4,0.0,1108,375880.0,买盘
09:33:20,3.39,-0.009999999999999787,1365,463392.0,卖盘
09:33:23,3.4,0.009999999999999787,1477,500820.0,买盘
09:33:27,3.39,-0.009999999999999787,449,152197.0,卖盘
09:33:30,3.4,0.009999999999999787,1372,465780.0,买盘
09:33:33,3.4,0.0,1678,569390.0,买盘
09:33:36,3.39,-0.009999999999999787,1238,420423.0,卖盘
09:33:39,3.39,0.0,3096,1049186.0,买盘
09:33:42,3.42,0.029999999999999805,2565,873409.0,买盘
09:33:45,3.42,0.0,732,249838.0,买盘
09:33:48,3.4,-0.020000000000000018,358,121960.0,卖盘
09:33:51,3.4,0.0,1155,393560.0,买盘
09:33:54,3.4,0.0,422,143480.0,卖盘
09:33:58,3.42,0.020000000000000018,172,58710.0,买盘
09:34:02,3.4,-0.020000000000000018,1944,663777.0,卖盘
09:34:05,3.4,0.0,505,172013.0,卖盘
09:34:08,3.41,0.010000000000000231,166,56595.0,买盘
09:34:11,3.41,0.0,821,280631.0,买盘
09:34:14,3.42,0.009999999999999787,682,233235.0,买盘
09:34:17,3.42,0.0,1343,459298.0,卖盘
09:34:21,3.42,0.0,436,148954.0,买盘
09:34:24,3.42,0.0,292,99817.0,卖盘
09:34:27,3.42,0.0,293,100238.0,卖盘
09:34:30,3.43,0.010000000000000231,380,130036.0,买盘
09:34:33,3.43,0.0,55,18842.0,中性盘
09:34:36,3.43,0.0,486,166312.0,中性盘
09:34:39,3.42,-0.010000000000000231,271,92903.0,卖盘
09:34:42,3.43,0.010000000000000231,243,83221.0,中性盘
09:34:45,3.42,-0.010000000000000231,190,65164.0,卖盘
09:34:48,3.43,0.010000000000000231,191,65484.0,卖盘
09:34:51,3.43,0.0,63,21594.0,卖盘
09:34:55,3.43,0.0,27,9262.0,买盘
09:34:59,3.43,0.0,1,343.0,卖盘
09:35:02,3.43,0.0,5091,1733871.0,卖盘
09:35:05,3.44,0.009999999999999787,270,92827.0,买盘
09:35:08,3.44,0.0,192,65900.0,买盘
09:35:11,3.43,-0.009999999999999787,8,2749.0,卖盘
09:35:14,3.43,0.0,434,149206.0,卖盘
09:35:18,3.44,0.009999999999999787,38,13069.0,买盘
09:35:21,3.44,0.0,366,125704.0,买盘
09:35:24,3.43,-0.009999999999999787,203,69744.0,卖盘
09:35:27,3.43,0.0,624,214032.0,卖盘
09:35:30,3.43,0.0,86,29498.0,买盘
09:35:33,3.42,-0.010000000000000231,999,341879.0,卖盘
09:35:36,3.42,0.0,150,51300.0,买盘
09:35:39,3.41,-0.009999999999999787,448,152887.0,卖盘
09:35:42,3.42,0.009999999999999787,315,107539.0,买盘
09:35:46,3.41,-0.009999999999999787,217,74109.0,卖盘
09:35:49,3.41,0.0,3263,1111850.0,卖盘
09:35:52,3.41,0.0,258,87978.0,买盘
09:35:56,3.41,0.0,578,196783.0,买盘
09:35:59,3.41,0.0,818,278756.0,卖盘
09:36:02,3.4,-0.010000000000000231,257,87565.0,卖盘
09:36:05,3.4,0.0,513,174930.0,卖盘
09:36:08,3.41,0.010000000000000231,540,183959.0,买盘
09:36:11,3.41,0.0,544,185050.0,买盘
09:36:15,3.41,0.0,1224,417301.0,买盘
09:36:18,3.41,0.0,436,148766.0,买盘
09:36:21,3.41,0.0,1288,440318.0,卖盘
09:36:24,3.42,0.009999999999999787,169,57711.0,买盘
09:36:27,3.4,-0.020000000000000018,398,135707.0,卖盘
09:36:30,3.42,0.020000000000000018,581,198478.0,买盘
09:36:33,3.42,0.0,1009,343755.0,买盘
09:36:36,3.41,-0.009999999999999787,1593,542796.0,卖盘
09:36:39,3.41,0.0,322,109790.0,买盘
09:36:42,3.41,0.0,373,127158.0,买盘
09:36:45,3.4,-0.010000000000000231,662,225391.0,卖盘
09:36:48,3.42,0.020000000000000018,65,22187.0,买盘
09:36:52,3.41,-0.009999999999999787,106,36146.0,卖盘
09:36:56,3.41,0.0,99,33759.0,买盘
09:36:59,3.41,0.0,147,50057.0,买盘
09:37:02,3.4,-0.010000000000000231,130,44300.0,卖盘
09:37:05,3.4,0.0,530,180299.0,卖盘
09:37:08,3.4,0.0,2387,811589.0,卖盘
09:37:11,3.39,-0.009999999999999787,151,51330.0,卖盘
09:37:15,3.4,0.009999999999999787,3212,1089063.0,买盘
09:37:18,3.4,0.0,240,81595.0,卖盘
09:37:21,3.4,0.0,186,63182.0,卖盘
09:37:24,3.4,0.0,263,89445.0,卖盘
09:37:27,3.4,0.0,320,108746.0,买盘
09:37:30,3.4,0.0,58,19720.0,买盘
09:37:33,3.4,0.0,688,233982.0,买盘
09:37:36,3.4,0.0,2194,745121.0,卖盘
09:37:39,3.4,0.0,1227,417106.0,买盘
09:37:42,3.4,0.0,60,20400.0,卖盘
09:37:46,3.41,0.010000000000000231,153,52083.0,买盘
09:37:49,3.4,-0.010000000000000231,339,115294.0,卖盘
09:37:53,3.4,0.0,113,38465.0,卖盘
09:37:56,3.4,0.0,1786,607241.0,卖盘
09:37:59,3.4,0.0,251,85340.0,卖盘
09:38:02,3.4,0.0,190,64678.0,卖盘
09:38:05,3.41,0.010000000000000231,186,63352.0,买盘
09:38:09,3.4,-0.010000000000000231,684,232673.0,卖盘
09:38:12,3.43,0.03000000000000025,6759,2316521.530000001,买盘
09:38:15,3.44,0.009999999999999787,592,203325.0,买盘
09:38:18,3.43,-0.009999999999999787,470,162005.0,卖盘
09:38:21,3.44,0.009999999999999787,537,184932.0,卖盘
09:38:24,3.45,0.010000000000000231,116,39865.0,买盘
09:38:27,3.44,-0.010000000000000231,367,126301.0,卖盘
09:38:30,3.44,0.0,18,6202.0,卖盘
09:38:33,3.44,0.0,613,210580.0,卖盘
09:38:36,3.43,-0.009999999999999787,30,10300.0,卖盘
09:38:40,3.43,0.0,55,18865.0,卖盘
09:38:43,3.44,0.009999999999999787,355,121973.9299999997,买盘
09:38:47,3.43,-0.009999999999999787,196,67244.0,卖盘
09:38:49,3.44,0.009999999999999787,166,57076.0,买盘
09:38:53,3.43,-0.009999999999999787,145,49903.0700000003,卖盘
09:38:56,3.43,0.0,51,17488.0,买盘
09:38:59,3.43,0.0,27,9261.0,买盘
09:39:02,3.42,-0.010000000000000231,293,100209.0,卖盘
09:39:06,3.42,0.0,395,135110.0,卖盘
09:39:09,3.43,0.010000000000000231,15,5140.0,买盘
09:39:12,3.43,0.0,72,24630.0,买盘
09:39:15,3.42,-0.010000000000000231,72,24689.0,卖盘
09:39:18,3.43,0.010000000000000231,216,74054.0,买盘
09:39:21,3.43,0.0,474,162582.0,买盘
09:39:24,3.43,0.0,610,209073.0,买盘
09:39:27,3.42,-0.010000000000000231,230,79045.1400000006,卖盘
09:39:30,3.43,0.010000000000000231,894,305908.8599999994,买盘
09:39:33,3.43,0.0,1049,359790.8100000024,买盘
09:39:36,3.44,0.009999999999999787,555,190463.11999999732,买盘
09:39:40,3.43,-0.009999999999999787,655,224571.0,卖盘
09:39:43,3.42,-0.010000000000000231,2,684.0,卖盘
09:39:50,3.43,0.010000000000000231,69,23610.0,买盘
09:39:53,3.41,-0.020000000000000018,920,314140.0,卖盘
09:39:56,3.42,0.009999999999999787,98,33516.0,买盘
09:39:59,3.42,0.0,67,22889.0,买盘
09:40:02,3.42,0.0,326,111492.0,买盘
09:40:06,3.43,0.010000000000000231,298,101837.0,买盘
09:40:09,3.43,0.0,221,75517.0,买盘
09:40:12,3.43,0.0,200,68600.0,买盘
09:40:15,3.43,0.0,148,50734.0,买盘
09:40:18,3.42,-0.010000000000000231,142,48660.0,卖盘
09:40:21,3.43,0.010000000000000231,187,64090.0,买盘
09:40:24,3.43,0.0,205,70315.0,买盘
09:40:27,3.43,0.0,216,74088.0,买盘
09:40:30,3.43,0.0,1288,441562.0,买盘
09:40:34,3.43,0.0,654,224316.0,买盘
09:40:37,3.43,0.0,113,38750.0,买盘
09:40:41,3.43,0.0,19,6517.0,买盘
09:40:44,3.42,-0.010000000000000231,290,99200.0,卖盘
09:40:47,3.43,0.010000000000000231,113,38755.0,买盘
09:40:50,3.42,-0.010000000000000231,317,108503.0,卖盘
09:40:53,3.43,0.010000000000000231,69,23640.0,买盘
09:40:56,3.42,-0.010000000000000231,416,142605.0,卖盘
09:41:00,3.43,0.010000000000000231,639,218567.0,买盘
09:41:03,3.43,0.0,27,9236.0,买盘
09:41:06,3.42,-0.010000000000000231,3215,1094473.0,卖盘
09:41:09,3.42,0.0,27,9231.0,买盘
09:41:12,3.42,0.0,27,9234.0,买盘
09:41:15,3.42,0.0,76,25992.0,买盘
09:41:18,3.42,0.0,2400,816755.0,买盘
09:41:21,3.41,-0.009999999999999787,488,166395.0,卖盘
09:41:24,3.42,0.009999999999999787,107,36523.0,买盘
09:41:27,3.42,0.0,478,163051.0,买盘
09:41:31,3.42,0.0,61,20822.0,买盘
09:41:34,3.42,0.0,403,137767.0,买盘
09:41:38,3.42,0.0,1157,395463.0,买盘
09:41:41,3.42,0.0,226,77288.0,买盘
09:41:44,3.42,0.0,87,29744.0,买盘
09:41:47,3.42,0.0,141,48177.0,买盘
09:41:50,3.41,-0.009999999999999787,326,111334.0,卖盘
09:41:53,3.42,0.009999999999999787,286,97658.0,买盘
09:41:57,3.41,-0.009999999999999787,115,39327.0,卖盘
09:42:00,3.42,0.009999999999999787,853,291726.0,买盘
09:42:03,3.42,0.0,126,43092.0,卖盘
09:42:06,3.42,0.0,108,36936.0,卖盘
09:42:09,3.42,0.0,277,94744.0,卖盘
09:42:12,3.42,0.0,96,32832.0,卖盘
09:42:15,3.42,0.0,1332,455447.0,买盘
09:42:18,3.42,0.0,109,37258.0,买盘
09:42:21,3.41,-0.009999999999999787,203,69296.0,卖盘
09:42:24,3.42,0.009999999999999787,97,33156.0,买盘
09:42:28,3.42,0.0,105,35887.0,买盘
09:42:31,3.42,0.0,426,145607.0,买盘
09:42:34,3.42,0.0,268,91595.0,卖盘
09:42:38,3.43,0.010000000000000231,24,8217.0,买盘
09:42:41,3.41,-0.020000000000000018,46,15724.0,卖盘
09:42:44,3.42,0.009999999999999787,42,14364.0,中性盘
09:42:47,3.42,0.0,55,18805.0,买盘
09:42:50,3.43,0.010000000000000231,6497,2228128.0,买盘
09:42:53,3.44,0.009999999999999787,223,76654.0,买盘
09:42:57,3.42,-0.020000000000000018,144,49281.0,卖盘
09:43:00,3.42,0.0,57,19550.0,卖盘
09:43:03,3.44,0.020000000000000018,58,19852.0,买盘
09:43:06,3.44,0.0,14,4808.0,买盘
09:43:12,3.43,-0.009999999999999787,18,6184.0,中性盘
09:43:15,3.44,0.009999999999999787,23,7898.0,买盘
09:43:18,3.43,-0.009999999999999787,40,13720.0,卖盘
09:43:21,3.43,0.0,169,57967.0,买盘
09:43:24,3.43,0.0,6,2058.0,买盘
09:43:27,3.43,0.0,78,26754.0,买盘
09:43:31,3.43,0.0,51,17480.0,买盘
09:43:35,3.43,0.0,255,87334.0,买盘
09:43:38,3.42,-0.010000000000000231,190,65167.0,卖盘
09:43:41,3.42,0.0,505,172732.0,卖盘
09:43:44,3.42,0.0,28,9594.0,卖盘
09:43:47,3.42,0.0,50,17100.0,卖盘
09:43:50,3.43,0.010000000000000231,232,79525.0,买盘
09:43:54,3.42,-0.010000000000000231,2459,840978.0,卖盘
09:43:57,3.42,0.0,2640,904957.0,买盘
09:44:00,3.42,0.0,203,69426.0,卖盘
09:44:03,3.43,0.010000000000000231,482,165291.0,买盘
09:44:06,3.43,0.0,341,116840.0,买盘
09:44:09,3.43,0.0,442,151489.01999999583,买盘
09:44:12,3.43,0.0,279,95651.0,买盘
09:44:15,3.43,0.0,109,37337.0,买盘
09:44:18,3.43,0.0,139,47616.0,买盘
09:44:21,3.43,0.0,2375,814622.0,买盘
09:44:25,3.42,-0.010000000000000231,20,6842.0,卖盘
09:44:28,3.42,0.0,182,62548.98000000417,卖盘
09:44:31,3.43,0.010000000000000231,27,9256.380000002682,买盘
09:44:35,3.43,0.0,55,18855.0,卖盘
09:44:38,3.43,0.0,197,67553.0,买盘
09:44:41,3.43,0.0,26,8918.0,买盘
09:44:44,3.42,-0.010000000000000231,186,63787.0,卖盘
09:44:47,3.43,0.010000000000000231,144,49386.0,买盘
09:44:50,3.43,0.0,15,5145.0,卖盘
09:44:54,3.43,0.0,142,48660.0,买盘
09:44:57,3.43,0.0,3047,1048140.0,卖盘
09:45:00,3.43,0.0,158,54249.0,卖盘
09:45:03,3.44,0.009999999999999787,65,22315.0,买盘
09:45:06,3.44,0.0,82,28168.0,买盘
09:45:09,3.44,0.0,83,28552.0,买盘
09:45:12,3.44,0.0,17,5834.0,买盘
09:45:15,3.43,-0.009999999999999787,16,5488.0,卖盘
09:45:18,3.43,0.0,29,9959.0,卖盘
09:45:25,3.44,0.009999999999999787,105,36016.0,买盘
09:45:28,3.44,0.0,499,171158.0,买盘
09:45:32,3.44,0.0,56,19242.0,买盘
09:45:35,3.44,0.0,162,55667.46999999881,买盘
09:45:38,3.43,-0.009999999999999787,61,20928.0,卖盘
09:45:41,3.43,0.0,24,8242.0,卖盘
09:45:44,3.44,0.009999999999999787,74,25456.0,买盘
09:45:47,3.44,0.0,5,1720.0,买盘
09:45:51,3.43,-0.009999999999999787,143,49154.0,卖盘
09:45:54,3.44,0.009999999999999787,1665,572826.6400000006,买盘
09:45:57,3.45,0.010000000000000231,201,69298.0,买盘
09:46:00,3.45,0.0,658,226984.0,买盘
09:46:03,3.45,0.0,444,153090.0,买盘
09:46:06,3.46,0.009999999999999787,967,333695.0,买盘
09:46:09,3.46,0.0,110,38058.0,买盘
09:46:12,3.47,0.010000000000000231,1394,482342.0,买盘
09:46:15,3.47,0.0,356,123514.0,买盘
09:46:18,3.46,-0.010000000000000231,213,73784.0,卖盘
09:46:21,3.47,0.010000000000000231,244,84668.0,买盘
09:46:25,3.47,0.0,578,200564.0,买盘
09:46:28,3.47,0.0,72,24983.0,买盘
09:46:31,3.49,0.020000000000000018,1142,397431.0,买盘
09:46:35,3.49,0.0,943,329101.0,买盘
09:46:38,3.49,0.0,293,102254.0,买盘
09:46:41,3.5,0.009999999999999787,212,74060.0,买盘
09:46:44,3.49,-0.009999999999999787,1405,489347.0,卖盘
09:46:47,3.49,0.0,2560,895267.0,买盘
09:46:51,3.5,0.009999999999999787,1300,454826.0,买盘
09:46:54,3.5,0.0,236,82526.0,买盘
09:46:57,3.5,0.0,305,106757.0,卖盘
09:47:00,3.51,0.009999999999999787,671,234865.0,买盘
09:47:03,3.5,-0.009999999999999787,451,158022.0,卖盘
09:47:06,3.5,0.0,1843,643756.0,买盘
09:47:09,3.5,0.0,1462,511663.0,买盘
09:47:12,3.5,0.0,1207,422378.0,买盘
09:47:15,3.5,0.0,342,119722.0,买盘
09:47:19,3.51,0.009999999999999787,2586,907071.0,买盘
09:47:22,3.5,-0.009999999999999787,1710,598551.0,卖盘
09:47:25,3.5,0.0,421,147672.0,买盘
09:47:29,3.5,0.0,484,169442.0,买盘
09:47:32,3.51,0.009999999999999787,996,347765.0,买盘
09:47:35,3.5,-0.009999999999999787,938,328417.0,卖盘
09:47:38,3.51,0.009999999999999787,1025,359151.0,买盘
09:47:41,3.5,-0.009999999999999787,3616,1265610.0,卖盘
09:47:44,3.52,0.020000000000000018,2539,892002.0,买盘
09:47:47,3.51,-0.010000000000000231,339,119263.0,卖盘
09:47:51,3.51,0.0,16,5616.0,卖盘
09:47:54,3.51,0.0,663,233181.0,卖盘
09:47:57,3.51,0.0,1045,367107.0,卖盘
09:48:00,3.51,0.0,205,71991.0,买盘
09:48:03,3.5,-0.009999999999999787,460,161219.0,卖盘
09:48:06,3.5,0.0,1027,359985.0,卖盘
09:48:09,3.5,0.0,2138,751197.0,卖盘
09:48:12,3.51,0.009999999999999787,318,111441.0,买盘
09:48:15,3.51,0.0,373,130714.0,买盘
09:48:18,3.51,0.0,851,298599.0,买盘
09:48:22,3.51,0.0,676,236833.0,买盘
09:48:25,3.51,0.0,456,160036.0,买盘
09:48:29,3.52,0.010000000000000231,627,220107.0,买盘
09:48:32,3.52,0.0,150,52738.0,买盘
09:48:35,3.52,0.0,1477,519534.0,买盘
09:48:38,3.52,0.0,854,300608.0,买盘
09:48:41,3.52,0.0,113,39736.0,买盘
09:48:44,3.52,0.0,764,268640.0,买盘
09:48:48,3.52,0.0,2071,728218.0,卖盘
09:48:51,3.52,0.0,741,260828.0,中性盘
09:48:54,3.51,-0.010000000000000231,128,44982.0,卖盘
09:48:57,3.52,0.010000000000000231,565,198724.0,买盘
09:49:00,3.51,-0.010000000000000231,339,119305.0,中性盘
09:49:03,3.51,0.0,667,234196.0,买盘
09:49:06,3.5,-0.009999999999999787,498,174327.0,卖盘
09:49:09,3.5,0.0,286,100272.0,卖盘
09:49:12,3.5,0.0,598,209866.0,买盘
09:49:16,3.5,0.0,490,171381.0,卖盘
09:49:19,3.5,0.0,254,88952.0,买盘
09:49:23,3.51,0.009999999999999787,219,76782.0,买盘
09:49:26,3.51,0.0,419,146864.0,卖盘
09:49:29,3.51,0.0,57,20009.0,卖盘
09:49:32,3.51,0.0,106,37205.0,卖盘
09:49:35,3.51,0.0,1994,701687.0,买盘
09:49:38,3.51,0.0,437,153433.0,买盘
09:49:42,3.52,0.010000000000000231,735,258051.0,买盘
09:49:45,3.52,0.0,1328,467444.0,买盘
09:49:48,3.52,0.0,676,237736.0,买盘
09:49:51,3.51,-0.010000000000000231,91,31997.0,卖盘
09:49:54,3.52,0.010000000000000231,765,269237.0,买盘
09:49:57,3.52,0.0,253,88942.0,买盘
09:50:00,3.52,0.0,433,152399.0,买盘
09:50:03,3.52,0.0,261,91872.0,买盘
09:50:06,3.52,0.0,488,171887.0,卖盘
09:50:09,3.52,0.0,3282,1154452.0,买盘
09:50:13,3.52,0.0,58,20413.0,卖盘
09:50:16,3.5,-0.020000000000000018,2828,991700.0,卖盘
09:50:19,3.5,0.0,422,147503.0,买盘
09:50:23,3.5,0.0,2064,722346.0,买盘
09:50:26,3.51,0.009999999999999787,239,83673.0,买盘
09:50:29,3.5,-0.009999999999999787,281,98360.0,卖盘
09:50:32,3.5,0.0,1006,351493.0,卖盘
09:50:35,3.49,-0.009999999999999787,511,178214.0,卖盘
09:50:38,3.5,0.009999999999999787,2605,910388.0,买盘
09:50:42,3.48,-0.020000000000000018,821,286202.0,卖盘
09:50:45,3.49,0.010000000000000231,788,275026.0,买盘
09:50:51,3.48,0.0,403,140428.0,买盘
09:50:54,3.48,0.0,152,52868.0,买盘
09:50:57,3.48,0.0,1173,408205.0,买盘
09:51:00,3.47,-0.009999999999999787,53,18409.0,卖盘
09:51:03,3.48,0.009999999999999787,182,63336.0,买盘
09:51:06,3.47,-0.009999999999999787,116,40359.0,卖盘
09:51:09,3.49,0.020000000000000018,177,61756.0,买盘
09:51:13,3.48,-0.010000000000000231,280,97442.0,卖盘
09:51:16,3.48,0.0,125,43500.0,卖盘
09:51:19,3.48,0.0,92,32017.0,买盘
09:51:23,3.47,-0.009999999999999787,1208,419260.0,卖盘
09:51:26,3.47,0.0,602,209130.0,卖盘
09:51:29,3.47,0.0,42,14536.0,中性盘
09:51:32,3.48,0.009999999999999787,166,57645.0,买盘
09:51:35,3.47,-0.009999999999999787,605,210178.0,卖盘
09:51:38,3.46,-0.010000000000000231,906,313734.0,卖盘
09:51:42,3.47,0.010000000000000231,32,11104.0,买盘
09:51:45,3.47,0.0,197,68384.0,买盘
09:51:48,3.47,0.0,235,81512.0,卖盘
09:51:51,3.47,0.0,226,78422.0,买盘
09:51:54,3.46,-0.010000000000000231,1056,367828.0,卖盘
09:51:57,3.46,0.0,62,21472.0,卖盘
09:52:00,3.46,0.0,10,3465.0,卖盘
09:52:03,3.47,0.010000000000000231,12,4164.0,买盘
09:52:06,3.47,0.0,188,65226.0,买盘
09:52:10,3.46,-0.010000000000000231,203,70301.0,卖盘
09:52:13,3.46,0.0,733,253826.0,卖盘
09:52:17,3.46,0.0,1540,533610.0,卖盘
09:52:20,3.46,0.0,592,205242.0,卖盘
09:52:23,3.46,0.0,466,161251.0,卖盘
09:52:26,3.46,0.0,63,21807.0,卖盘
09:52:29,3.46,0.0,312,107959.0,卖盘
09:52:32,3.46,0.0,1733,601295.0,卖盘
09:52:35,3.46,0.0,129,44634.0,卖盘
09:52:39,3.45,-0.009999999999999787,238,82305.0,卖盘
09:52:42,3.45,0.0,245,84706.0,卖盘
09:52:45,3.45,0.0,128,44239.0,卖盘
09:52:48,3.45,0.0,101,34945.0,卖盘
09:52:51,3.45,0.0,27,9340.0,卖盘
09:52:54,3.45,0.0,588,203418.0,卖盘
09:52:57,3.46,0.009999999999999787,108,37272.0,买盘
09:53:00,3.46,0.0,95,32870.0,买盘
09:53:07,3.46,0.0,34,11764.0,买盘
09:53:10,3.46,0.0,154,53271.0,买盘
09:53:14,3.46,0.0,308,106568.0,买盘
09:53:17,3.46,0.0,130,45033.0,卖盘
09:53:23,3.46,0.0,641,221781.0,卖盘
09:53:26,3.46,0.0,724,250504.0,买盘
09:53:29,3.46,0.0,71,24566.0,买盘
09:53:33,3.46,0.0,330,114180.0,买盘
09:53:36,3.46,0.0,383,132568.0,买盘
09:53:42,3.46,0.0,166,57446.0,卖盘
09:53:45,3.47,0.010000000000000231,401,139070.0,买盘
09:53:51,3.47,0.010000000000000231,258,89419.0,买盘
09:53:54,3.46,-0.010000000000000231,576,199296.0,卖盘
09:53:57,3.46,0.0,738,256043.0,买盘
09:54:00,3.46,0.0,2,692.0,卖盘
09:54:04,3.47,0.010000000000000231,140,48563.0,买盘
09:54:07,3.47,0.0,300,104100.0,卖盘
09:54:11,3.48,0.009999999999999787,2043,709478.0,买盘
09:54:14,3.47,-0.009999999999999787,25,8669.0,买盘
09:54:17,3.46,-0.010000000000000231,35,12133.0,卖盘
09:54:20,3.47,0.010000000000000231,118,40946.0,买盘
09:54:23,3.47,0.0,2,694.0,卖盘
09:54:26,3.48,0.009999999999999787,5,1740.0,买盘
09:54:30,3.48,0.0,51,17706.0,买盘
09:54:33,3.47,-0.009999999999999787,31,10757.0,卖盘
09:54:36,3.47,0.0,146,50807.0,卖盘
09:54:39,3.48,0.009999999999999787,10,3480.0,买盘
09:54:42,3.48,0.0,940,327120.0,买盘
09:54:45,3.48,0.0,232,80736.0,买盘
09:54:48,3.48,0.0,54,18792.0,买盘
09:54:51,3.48,0.0,371,129097.0,买盘
09:54:54,3.48,0.0,38,13224.0,买盘
09:54:57,3.48,0.0,118,41050.0,买盘
09:55:01,3.47,-0.009999999999999787,824,285928.0,卖盘
09:55:04,3.48,0.009999999999999787,604,209827.0,买盘
09:55:08,3.47,-0.009999999999999787,352,122144.0,卖盘
09:55:11,3.48,0.009999999999999787,34,11801.0,买盘
09:55:14,3.47,-0.009999999999999787,289,100243.0,卖盘
09:55:17,3.47,0.0,37,12846.0,卖盘
09:55:20,3.47,0.0,107,37129.0,卖盘
09:55:23,3.47,0.0,579,200913.0,买盘
09:55:26,3.47,0.0,203,70441.0,买盘
09:55:30,3.47,0.0,6,2082.0,卖盘
09:55:33,3.47,0.0,43,14921.0,卖盘
09:55:36,3.47,0.0,371,128751.0,卖盘
09:55:39,3.47,0.0,399,138453.0,卖盘
09:55:42,3.47,0.0,6,2082.0,买盘
09:55:45,3.47,0.0,132,45804.0,买盘
09:55:48,3.46,-0.010000000000000231,44,15225.0,卖盘
09:55:51,3.46,0.0,20,6920.0,卖盘
09:55:54,3.46,0.0,5,1730.0,卖盘
09:55:58,3.46,0.0,93,32229.0,卖盘
09:56:01,3.46,0.0,260,89960.0,卖盘
09:56:04,3.46,0.0,1,346.0,卖盘
09:56:08,3.47,0.010000000000000231,26,9022.0,买盘
09:56:11,3.47,0.0,194,67317.0,买盘
09:56:14,3.48,0.009999999999999787,28,9741.0,买盘
09:56:20,3.47,-0.009999999999999787,5,1735.0,卖盘
09:56:23,3.47,0.0,518,180247.0,卖盘
09:56:27,3.48,0.009999999999999787,8,2784.0,买盘
09:56:30,3.48,0.0,225,78290.0,买盘
09:56:33,3.47,-0.009999999999999787,169,58643.0,卖盘
09:56:36,3.48,0.009999999999999787,3,1044.0,买盘
09:56:42,3.47,-0.009999999999999787,67,23259.0,卖盘
09:56:45,3.48,0.009999999999999787,247,85956.0,买盘
09:56:48,3.48,0.0,36,12528.0,卖盘
09:56:51,3.47,-0.009999999999999787,815,282805.0,卖盘
09:56:54,3.48,0.009999999999999787,184,64031.0,买盘
09:56:58,3.48,0.0,7,2436.0,买盘
09:57:04,3.48,0.0,30,10414.0,买盘
09:57:08,3.48,0.0,236,82128.0,买盘
09:57:11,3.48,0.0,212,73776.0,卖盘
09:57:14,3.48,0.0,25,8700.0,卖盘
09:57:17,3.48,0.0,816,284062.0,卖盘
09:57:20,3.48,0.0,240,83517.0,卖盘
09:57:24,3.48,0.0,3,1044.0,买盘
09:57:27,3.48,0.0,4,1392.0,买盘
09:57:30,3.47,-0.009999999999999787,640,221540.0,卖盘
09:57:33,3.48,0.009999999999999787,54,18792.0,买盘
09:57:36,3.48,0.0,19,6608.0,买盘
09:57:39,3.48,0.0,272,94652.0,买盘
09:57:42,3.48,0.0,4,1392.0,买盘
09:57:45,3.48,0.0,144,50112.0,买盘
09:57:48,3.47,-0.009999999999999787,131,45509.0,卖盘
09:57:51,3.48,0.009999999999999787,145,50460.0,买盘
09:57:55,3.48,0.0,8,2784.0,卖盘
09:57:58,3.48,0.0,52,18096.0,卖盘
09:58:08,3.48,0.0,40,13920.0,卖盘
09:58:14,3.49,0.010000000000000231,19,6616.0,买盘
09:58:21,3.48,-0.010000000000000231,20,6960.0,卖盘
09:58:24,3.49,0.010000000000000231,3,1047.0,买盘
09:58:27,3.48,-0.010000000000000231,57,19883.0,卖盘
09:58:30,3.49,0.010000000000000231,86,29983.0,买盘
09:58:33,3.49,0.0,100,34900.0,买盘
09:58:36,3.49,0.0,16,5584.0,买盘
09:58:39,3.49,0.0,430,150050.0,买盘
09:58:42,3.49,0.0,43,15007.0,卖盘
09:58:45,3.49,0.0,100,34870.0,买盘
09:58:48,3.49,0.0,81,28259.0,买盘
09:58:51,3.49,0.0,87,30363.0,买盘
09:58:55,3.49,0.0,62,21638.0,买盘
09:58:58,3.48,-0.010000000000000231,2,696.0,卖盘
09:59:02,3.49,0.010000000000000231,20,6980.0,买盘
09:59:05,3.49,0.0,600,209400.0,买盘
09:59:08,3.49,0.0,39,13608.0,买盘
09:59:11,3.48,-0.010000000000000231,541,188274.0,卖盘
09:59:14,3.48,0.0,1287,446848.0,卖盘
09:59:17,3.48,0.0,59,20532.0,买盘
09:59:21,3.48,0.0,31,10788.0,买盘
09:59:24,3.48,0.0,67,23315.0,买盘
09:59:27,3.48,0.0,24,8352.0,买盘
09:59:30,3.48,0.0,119,41412.0,买盘
09:59:33,3.48,0.0,150,52197.0,买盘
09:59:36,3.48,0.0,300,104199.0,买盘
09:59:45,3.48,0.0,169,58812.0,买盘
09:59:48,3.48,0.0,155,53836.0,买盘
09:59:55,3.48,0.0,26,9047.0,买盘
09:59:58,3.48,0.0,68,23608.0,买盘
10:00:02,3.48,0.0,25,8700.0,买盘
10:00:05,3.48,0.0,22,7656.0,买盘
10:00:08,3.47,-0.009999999999999787,649,225203.0,卖盘
10:00:11,3.48,0.009999999999999787,23,8004.0,买盘
10:00:14,3.47,-0.009999999999999787,23,7981.0,卖盘
10:00:17,3.47,0.0,38,13186.0,卖盘
10:00:21,3.48,0.009999999999999787,20,6960.0,买盘
10:00:24,3.47,-0.009999999999999787,10,3470.0,卖盘
10:00:27,3.47,0.0,157,54595.0,卖盘
10:00:30,3.48,0.009999999999999787,91,31665.0,买盘
10:00:33,3.48,0.0,120,41731.0,买盘
10:00:36,3.48,0.0,146,50798.0,买盘
10:00:39,3.48,0.0,50,17390.0,买盘
10:00:42,3.48,0.0,58,20184.0,买盘
10:00:45,3.47,-0.009999999999999787,218,75695.0,卖盘
10:00:48,3.48,0.009999999999999787,2497,867583.0,买盘
10:00:52,3.48,0.0,271,94308.0,买盘
10:00:55,3.48,0.0,45,15660.0,买盘
10:00:59,3.49,0.010000000000000231,548,191232.0,买盘
10:01:02,3.49,0.0,551,192299.0,买盘
10:01:08,3.5,0.009999999999999787,46,16090.0,买盘
10:01:11,3.5,0.0,133,46538.0,买盘
10:01:14,3.5,0.0,268,93800.0,买盘
10:01:18,3.5,0.0,415,145250.0,买盘
10:01:21,3.5,0.0,595,208245.0,买盘
10:01:24,3.5,0.0,197,68950.0,买盘
10:01:27,3.5,0.0,130,45614.0,卖盘
10:01:30,3.51,0.009999999999999787,130,45530.0,买盘
10:01:33,3.51,0.0,717,250984.0,买盘
10:01:36,3.5,-0.009999999999999787,470,164417.0,卖盘
10:01:39,3.5,0.0,297,103838.0,买盘
10:01:42,3.49,-0.009999999999999787,23,8027.0,中性盘
10:01:45,3.5,0.009999999999999787,377,131938.0,买盘
10:01:49,3.51,0.009999999999999787,577,201859.0,买盘
10:01:52,3.5,-0.009999999999999787,178,62177.0,中性盘
10:01:56,3.49,-0.009999999999999787,51,17840.0,卖盘
10:01:59,3.5,0.009999999999999787,443,155075.0,卖盘
10:02:02,3.51,0.009999999999999787,253,88582.0,买盘
10:02:05,3.5,-0.009999999999999787,73,25550.0,卖盘
10:02:08,3.51,0.009999999999999787,428,149858.0,买盘
10:02:11,3.49,-0.019999999999999574,806,281452.0,卖盘
10:02:15,3.49,0.0,506,176594.0,买盘
10:02:18,3.5,0.009999999999999787,60,20961.0,买盘
10:02:21,3.5,0.0,256,89600.0,买盘
10:02:24,3.5,0.0,1,350.0,买盘
10:02:27,3.5,0.0,21,7350.0,买盘
10:02:30,3.5,0.0,59,20650.0,买盘
10:02:33,3.5,0.0,12,4200.0,买盘
10:02:36,3.5,0.0,90,31500.0,买盘
10:02:39,3.5,0.0,188,65781.0,买盘
10:02:43,3.5,0.0,3,1050.0,买盘
10:02:46,3.5,0.0,89,31082.0,买盘
10:02:49,3.49,-0.009999999999999787,204,71389.0,卖盘
10:02:53,3.49,0.0,38,13299.0,卖盘
10:02:56,3.49,0.0,202,70498.0,卖盘
10:02:59,3.48,-0.010000000000000231,15,5223.0,卖盘
10:03:02,3.49,0.010000000000000231,72,25127.0,买盘
10:03:09,3.5,0.009999999999999787,533,186050.0,买盘
10:03:12,3.49,-0.009999999999999787,6,2094.0,卖盘
10:03:15,3.5,0.009999999999999787,5,1750.0,买盘
10:03:18,3.5,0.0,1005,351742.0,买盘
10:03:21,3.5,0.0,43,15050.0,卖盘
10:03:24,3.5,0.0,859,300650.0,卖盘
10:03:27,3.5,0.0,94,32900.0,买盘
10:03:30,3.5,0.0,88,30800.0,买盘
10:03:33,3.5,0.0,335,117250.0,买盘
10:03:36,3.5,0.0,339,118650.0,买盘
10:03:40,3.51,0.009999999999999787,114,39906.0,买盘
10:03:43,3.5,-0.009999999999999787,34,11909.0,卖盘
10:03:46,3.5,0.0,44,15395.0,卖盘
10:03:50,3.5,0.0,133,46550.0,买盘
10:03:53,3.5,0.0,124,43400.0,买盘
10:03:56,3.5,0.0,428,149800.0,买盘
10:03:59,3.5,0.0,497,173950.0,卖盘
10:04:02,3.5,0.0,290,101450.0,买盘
10:04:06,3.5,0.0,2,700.0,卖盘
10:04:09,3.5,0.0,36,12600.0,卖盘
10:04:12,3.51,0.009999999999999787,81,28394.0,买盘
10:04:15,3.51,0.0,447,156897.0,买盘
10:04:18,3.51,0.0,419,147069.0,买盘
10:04:21,3.51,0.0,835,293078.0,买盘
10:04:24,3.51,0.0,469,164619.0,买盘
10:04:27,3.5,-0.009999999999999787,187,65587.0,卖盘
10:04:30,3.51,0.009999999999999787,297,104247.0,买盘
10:04:33,3.5,-0.009999999999999787,39,13660.0,卖盘
10:04:37,3.51,0.009999999999999787,35,12285.0,买盘
10:04:40,3.51,0.0,862,301777.0,买盘
10:04:43,3.51,0.0,300,105300.0,买盘
10:04:47,3.51,0.0,710,249210.0,买盘
10:04:50,3.51,0.0,173,60723.0,买盘
10:04:53,3.51,0.0,1318,462590.0,买盘
10:04:56,3.51,0.0,221,77571.0,卖盘
10:04:59,3.51,0.0,154,54054.0,卖盘
10:05:02,3.52,0.010000000000000231,3324,1170072.0,买盘
10:05:06,3.53,0.009999999999999787,14,4929.0,买盘
10:05:12,3.53,0.0,58,20426.0,买盘
10:05:15,3.52,-0.009999999999999787,327,115421.0,卖盘
10:05:18,3.52,0.0,1049,369384.0,卖盘
10:05:21,3.52,0.0,985,346720.0,买盘
10:05:24,3.52,0.0,992,349241.0,买盘
10:05:27,3.53,0.009999999999999787,348,122655.0,买盘
10:05:30,3.53,0.0,214,75476.0,买盘
10:05:33,3.53,0.0,97,34236.0,买盘
10:05:37,3.53,0.0,235,82940.0,买盘
10:05:40,3.53,0.0,280,98839.0,买盘
10:05:44,3.53,0.0,354,124952.0,买盘
10:05:47,3.53,0.0,3164,1116866.0,买盘
10:05:50,3.53,0.0,1956,690465.0,买盘
10:05:53,3.54,0.010000000000000231,1587,560336.5,买盘
10:05:56,3.54,0.0,338,119624.0,买盘
10:05:59,3.54,0.0,666,235764.0,买盘
10:06:03,3.55,0.009999999999999787,2924,1035206.0,买盘
10:06:06,3.55,0.0,276,97938.0,买盘
10:06:09,3.55,0.0,783,277775.0,买盘
10:06:12,3.55,0.0,1081,383434.0,买盘
10:06:15,3.55,0.0,2050,727719.0,买盘
10:06:18,3.53,-0.020000000000000018,4429,1568743.0,卖盘
10:06:21,3.53,0.0,589,207926.0,卖盘
10:06:24,3.53,0.0,684,241352.0,买盘
10:06:27,3.53,0.0,1418,500554.0,买盘
10:06:30,3.53,0.0,347,122501.0,买盘
10:06:34,3.52,-0.009999999999999787,655,230814.0,卖盘
10:06:37,3.52,0.0,1657,585394.0,卖盘
10:06:41,3.52,0.0,423,149058.0,卖盘
10:06:44,3.54,0.020000000000000018,86,30343.0,买盘
10:06:47,3.53,-0.010000000000000231,437,154193.0,中性盘
10:06:50,3.54,0.010000000000000231,1036,366586.0,买盘
10:06:53,3.53,-0.010000000000000231,278,98297.0,卖盘
10:06:56,3.54,0.010000000000000231,157,55578.0,买盘
10:07:00,3.53,-0.010000000000000231,326,115385.0,卖盘
10:07:03,3.54,0.010000000000000231,310,109708.0,买盘
10:07:06,3.54,0.0,816,288857.0,买盘
10:07:09,3.54,0.0,1067,377818.0,卖盘
10:07:12,3.55,0.009999999999999787,334,118445.0,买盘
10:07:15,3.54,-0.009999999999999787,479,169752.0,卖盘
10:07:18,3.54,0.0,1427,505112.0,买盘
10:07:21,3.55,0.009999999999999787,521,184536.0,买盘
10:07:24,3.54,-0.009999999999999787,603,213949.0,卖盘
10:07:27,3.55,0.009999999999999787,673,238887.0,买盘
10:07:31,3.55,0.0,502,178150.0,买盘
10:07:34,3.56,0.010000000000000231,1866,662779.0,买盘
10:07:37,3.56,0.0,2285,811808.0,买盘
10:07:41,3.56,0.0,429,152724.0,买盘
10:07:44,3.55,-0.010000000000000231,845,300519.0,卖盘
10:07:47,3.55,0.0,529,187873.9999999851,卖盘
10:07:50,3.55,0.0,715,254518.0,卖盘
10:07:53,3.56,0.010000000000000231,774,275060.0,买盘
10:07:56,3.56,0.0,649,230728.0,买盘
10:08:00,3.54,-0.020000000000000018,2201,780787.0,卖盘
10:08:03,3.55,0.009999999999999787,803,285001.0,买盘
10:08:06,3.53,-0.020000000000000018,1360,480894.0,卖盘
10:08:09,3.54,0.010000000000000231,486,171759.0,买盘
10:08:12,3.54,0.0,311,109805.0,买盘
10:08:15,3.54,0.0,720,254654.0,买盘
10:08:18,3.54,0.0,181,64074.0,买盘
10:08:21,3.53,-0.010000000000000231,560,198225.0,卖盘
10:08:24,3.54,0.010000000000000231,231,81774.0,买盘
10:08:28,3.53,-0.010000000000000231,464,163946.0,卖盘
10:08:31,3.54,0.010000000000000231,663,234688.0,买盘
10:08:34,3.53,-0.010000000000000231,411,145425.0,卖盘
10:08:38,3.54,0.010000000000000231,16,5659.0,买盘
10:08:41,3.53,-0.010000000000000231,371,130983.0,卖盘
10:08:44,3.54,0.010000000000000231,726,257004.0,买盘
10:08:47,3.54,0.0,258,91227.0,买盘
10:08:50,3.54,0.0,207,73217.0,买盘
10:08:53,3.54,0.0,110,38940.0,买盘
10:08:57,3.54,0.0,89,31506.0,买盘
10:09:00,3.54,0.0,1941,685313.0,买盘
10:09:03,3.54,0.0,185,65333.0,买盘
10:09:06,3.54,0.0,785,277290.0,买盘
10:09:09,3.54,0.0,731,258453.0,买盘
10:09:12,3.53,-0.010000000000000231,1047,369566.0,卖盘
10:09:15,3.53,0.0,262,92479.0,买盘
10:09:18,3.52,-0.009999999999999787,503,177541.0,卖盘
10:09:21,3.53,0.009999999999999787,169,59657.0,买盘
10:09:24,3.53,0.0,104,36700.0,买盘
10:09:28,3.53,0.0,172,60696.0,买盘
10:09:31,3.53,0.0,12,4236.0,买盘
10:09:35,3.53,0.0,103,36359.0,买盘
10:09:38,3.53,0.0,5,1765.0,买盘
10:09:41,3.53,0.0,38,13414.0,买盘
10:09:44,3.53,0.0,17,5996.0,买盘
10:09:47,3.53,0.0,54,19049.0,买盘
10:09:50,3.52,-0.009999999999999787,405,142869.0,卖盘
10:09:53,3.52,0.0,93,32737.0,卖盘
10:09:57,3.52,0.0,118,41536.0,卖盘
10:10:00,3.52,0.0,944,332289.0,卖盘
10:10:03,3.52,0.0,603,212262.0,卖盘
10:10:06,3.52,0.0,629,221519.0,买盘
10:10:09,3.52,0.0,440,154880.0,卖盘
10:10:12,3.52,0.0,788,277374.0,买盘
10:10:15,3.52,0.0,890,313260.0,买盘
10:10:18,3.52,0.0,220,77440.0,买盘
10:10:21,3.52,0.0,1007,354354.0,买盘
10:10:24,3.52,0.0,264,92928.0,买盘
10:10:28,3.52,0.0,747,263005.18000000715,买盘
10:10:31,3.52,0.0,429,150928.0,买盘
10:10:35,3.52,0.0,486,170969.0,买盘
10:10:38,3.52,0.0,259,91151.0,买盘
10:10:41,3.52,0.0,373,131296.0,买盘
10:10:44,3.51,-0.010000000000000231,11,3861.0,卖盘
10:10:47,3.52,0.010000000000000231,15,5280.0,买盘
10:10:50,3.52,0.0,204,71730.0,买盘
10:10:54,3.52,0.0,27,9504.0,买盘
10:10:57,3.52,0.0,78,27436.0,买盘
10:11:00,3.51,-0.010000000000000231,111,38961.0,卖盘
10:11:03,3.52,0.010000000000000231,646,227302.0,买盘
10:11:06,3.52,0.0,178,62656.0,买盘
10:11:09,3.52,0.0,422,148540.0,买盘
10:11:12,3.52,0.0,1109,390360.0,买盘
10:11:15,3.51,-0.010000000000000231,259,90922.0,卖盘
10:11:18,3.51,0.0,298,104780.0,卖盘
10:11:21,3.51,0.0,112,39313.0,卖盘
10:11:25,3.51,0.0,1577,553796.8199999928,卖盘
10:11:28,3.51,0.0,285,100035.0,买盘
10:11:32,3.51,0.0,388,136140.0,买盘
10:11:35,3.5,-0.009999999999999787,241,84557.0,卖盘
10:11:38,3.51,0.009999999999999787,90,31723.380000025034,买盘
10:11:41,3.52,0.010000000000000231,155,54349.619999974966,买盘
10:11:44,3.51,-0.010000000000000231,370,129899.0,卖盘
10:11:47,3.51,0.0,281,98631.0,买盘
10:11:50,3.51,0.0,41,14391.0,买盘
10:11:54,3.51,0.0,10,3510.0,买盘
10:11:57,3.51,0.0,59,20709.0,买盘
10:12:00,3.5,-0.009999999999999787,81,28357.0,卖盘
10:12:03,3.51,0.009999999999999787,102,35767.0,买盘
10:12:06,3.5,-0.009999999999999787,2516,880631.0,卖盘
10:12:09,3.51,0.009999999999999787,126,44226.0,买盘
10:12:12,3.51,0.0,51,17901.0,买盘
10:12:15,3.51,0.0,185,64935.0,买盘
10:12:18,3.51,0.0,122,42822.0,中性盘
10:12:22,3.51,0.0,37,12987.0,买盘
10:12:25,3.52,0.010000000000000231,7,2464.0,买盘
10:12:29,3.51,-0.010000000000000231,11,3862.0,卖盘
10:12:35,3.51,0.0,500,175500.0,卖盘
10:12:38,3.52,0.010000000000000231,2628,925056.0,买盘
10:12:41,3.52,0.0,1,352.0,中性盘
10:12:44,3.52,0.0,34,11968.0,买盘
10:12:48,3.52,0.0,33,11616.0,买盘
10:12:51,3.52,0.0,48,16896.0,买盘
10:12:54,3.52,0.0,152,53504.0,买盘
10:12:57,3.52,0.0,31,10912.0,买盘
10:13:00,3.51,-0.010000000000000231,138,48537.0,卖盘
10:13:03,3.51,0.0,172,60372.0,卖盘
10:13:06,3.51,0.0,1394,489307.0,卖盘
10:13:09,3.51,0.0,94,32966.0,买盘
10:13:12,3.5,-0.009999999999999787,444,155576.0,卖盘
10:13:15,3.51,0.009999999999999787,34,11934.0,买盘
10:13:19,3.5,-0.009999999999999787,263,92050.0,卖盘
10:13:25,3.51,0.009999999999999787,10,3510.0,买盘
10:13:29,3.5,-0.009999999999999787,9,3150.0,卖盘
10:13:32,3.51,0.009999999999999787,8,2808.0,买盘
10:13:35,3.51,0.0,1061,372349.0,买盘
10:13:38,3.51,0.0,447,156647.0,买盘
10:13:41,3.51,0.0,94,32994.0,买盘
10:13:44,3.51,0.0,866,303312.0,买盘
10:13:48,3.51,0.0,1279,447973.5,买盘
10:13:51,3.5,-0.009999999999999787,278,97301.0,卖盘
10:13:54,3.5,0.0,575,201369.0,卖盘
10:13:57,3.5,0.0,117,40950.0,卖盘
10:14:00,3.5,0.0,258,90576.5,卖盘
10:14:03,3.5,0.0,119,41650.0,买盘
10:14:06,3.5,0.0,501,175350.0,买盘
10:14:09,3.5,0.0,545,190698.0,买盘
10:14:12,3.5,0.0,1537,536884.0,买盘
10:14:15,3.5,0.0,458,160278.0,买盘
10:14:19,3.5,0.0,522,182673.0,买盘
10:14:22,3.5,0.0,37,12950.0,买盘
10:14:25,3.48,-0.020000000000000018,1605,559806.7900000215,卖盘
10:14:29,3.5,0.020000000000000018,110,38500.0,中性盘
10:14:32,3.5,0.0,90,31500.0,买盘
10:14:35,3.5,0.0,1,350.0,买盘
10:14:38,3.51,0.009999999999999787,298,104497.0,买盘
10:14:41,3.5,-0.009999999999999787,66,23100.0,卖盘
10:14:44,3.51,0.009999999999999787,200,70008.0,买盘
10:14:48,3.5,-0.009999999999999787,21,7362.0,卖盘
10:14:54,3.5,0.0,34,11907.0,卖盘
10:15:00,3.5,0.0,22,7702.0,卖盘
10:15:03,3.51,0.009999999999999787,635,222536.0,买盘
10:15:06,3.5,-0.009999999999999787,199,69651.0,卖盘
10:15:09,3.5,0.0,718,251859.0,卖盘
10:15:12,3.5,0.0,65,22750.0,卖盘
10:15:15,3.5,0.0,276,96602.0,卖盘
10:15:19,3.51,0.009999999999999787,377,132019.0,买盘
10:15:22,3.5,-0.009999999999999787,5,1750.0,卖盘
10:15:26,3.5,0.0,174,60935.0,卖盘
10:15:29,3.51,0.009999999999999787,26,9110.0,买盘
10:15:32,3.51,0.0,3,1053.0,买盘
10:15:35,3.51,0.0,250,87744.0,买盘
10:15:38,3.51,0.0,268,94068.0,买盘
10:15:41,3.51,0.0,140,49140.0,买盘
10:15:44,3.51,0.0,227,79677.0,买盘
10:15:48,3.51,0.0,62,21835.709999978542,买盘
10:15:51,3.51,0.0,26,9126.0,卖盘
10:15:54,3.51,0.0,20,7020.0,卖盘
10:15:57,3.52,0.010000000000000231,13,4574.0,买盘
10:16:00,3.52,0.0,345,121216.0,买盘
10:16:03,3.51,-0.010000000000000231,413,145291.29000002146,卖盘
10:16:06,3.52,0.010000000000000231,124,43542.789999991655,买盘
10:16:09,3.51,-0.010000000000000231,263,92313.0,买盘
10:16:12,3.51,0.0,466,163816.0,买盘
10:16:16,3.51,0.0,403,141453.0,卖盘
10:16:19,3.51,0.0,130,45630.0,买盘
10:16:22,3.51,0.0,42,14751.0,买盘
10:16:26,3.51,0.0,371,130545.0,卖盘
10:16:29,3.51,0.0,236,82836.0,卖盘
10:16:32,3.51,0.0,10,3510.0,卖盘
10:16:35,3.51,0.0,85,29835.0,买盘
10:16:38,3.51,0.0,28,9828.0,买盘
10:16:41,3.51,0.0,124,43449.0,买盘
10:16:44,3.51,0.0,24,8424.0,买盘
10:16:48,3.51,0.0,126,44226.0,买盘
10:16:51,3.51,0.0,55,19305.0,买盘
10:16:54,3.51,0.0,52,18252.0,买盘
10:16:57,3.51,0.0,64,22447.0,买盘
10:17:00,3.51,0.0,65,22806.0,买盘
10:17:03,3.51,0.0,2302,808000.0,买盘
10:17:06,3.51,0.0,121,42471.0,卖盘
10:17:09,3.5,-0.009999999999999787,48,16843.0,卖盘
10:17:12,3.51,0.009999999999999787,10,3510.0,买盘
10:17:16,3.51,0.0,8,2808.0,买盘
10:17:19,3.5,-0.009999999999999787,531,185960.0,卖盘
10:17:22,3.49,-0.009999999999999787,1459,510338.0,卖盘
10:17:26,3.5,0.009999999999999787,254,88817.0,买盘
10:17:29,3.49,-0.009999999999999787,337,117663.0,卖盘
10:17:32,3.49,0.0,69,24094.0,卖盘
10:17:35,3.49,0.0,501,174849.0,卖盘
10:17:41,3.5,0.009999999999999787,67,23435.0,买盘
10:17:45,3.49,-0.009999999999999787,67,23418.0,卖盘
10:17:54,3.5,0.0,19,6650.0,买盘
10:18:00,3.49,-0.009999999999999787,290,101271.0,卖盘
10:18:03,3.49,0.0,203,70907.0,卖盘
10:18:06,3.49,0.0,92,32109.0,卖盘
10:18:09,3.49,0.0,256,89344.0,卖盘
10:18:13,3.49,0.0,152,53054.0,卖盘
10:18:16,3.49,0.0,260,90754.0,卖盘
10:18:19,3.49,0.0,84,29342.0,卖盘
10:18:22,3.49,0.0,402,140303.0,卖盘
10:18:26,3.49,0.0,37,12913.0,买盘
10:18:32,3.49,0.0,156,54342.0,买盘
10:18:35,3.49,0.0,3,1047.0,买盘
10:18:41,3.49,0.0,74,25818.0,买盘
10:18:45,3.49,0.0,97,33853.0,买盘
10:18:48,3.49,0.0,70,24430.0,买盘
10:18:51,3.49,0.0,83,28929.0,买盘
10:18:54,3.49,0.0,20,6974.0,买盘
10:18:57,3.49,0.0,9,3141.0,买盘
10:19:00,3.49,0.0,368,128107.0,买盘
10:19:03,3.49,0.0,10,3490.0,买盘
10:19:06,3.49,0.0,11,3839.0,买盘
10:19:09,3.49,0.0,114,39785.0,买盘
10:19:13,3.49,0.0,139,48397.0,买盘
10:19:16,3.49,0.0,73,25477.0,买盘
10:19:19,3.49,0.0,35,12207.0,买盘
10:19:23,3.49,0.0,87,30356.0,买盘
10:19:26,3.49,0.0,39,13611.0,买盘
10:19:29,3.49,0.0,28,9772.0,买盘
10:19:32,3.49,0.0,48,16750.0,买盘
10:19:35,3.49,0.0,372,129828.0,买盘
10:19:38,3.49,0.0,583,203467.0,买盘
10:19:42,3.49,0.0,344,120050.0,买盘
10:19:45,3.49,0.0,71,24779.0,卖盘
10:19:48,3.49,0.0,67,23384.0,卖盘
10:19:51,3.49,0.0,46,16068.0,卖盘
10:19:54,3.49,0.0,236,82381.0,卖盘
10:19:57,3.49,0.0,29,10121.0,买盘
10:20:00,3.49,0.0,283,98771.0,买盘
10:20:03,3.49,0.0,21,7329.0,买盘
10:20:06,3.49,0.0,81,28269.0,买盘
10:20:09,3.48,-0.010000000000000231,206,71713.0,卖盘
10:20:13,3.48,0.0,210,73160.0,卖盘
10:20:16,3.48,0.0,899,312913.0,卖盘
10:20:19,3.48,0.0,2500,869851.0,卖盘
10:20:23,3.48,0.0,89,30972.0,买盘
10:20:26,3.47,-0.009999999999999787,48,16686.0,卖盘
10:20:29,3.48,0.009999999999999787,100,34790.0,买盘
10:20:32,3.48,0.0,89,30962.0,买盘
10:20:35,3.47,-0.009999999999999787,106,36858.0,卖盘
10:20:38,3.48,0.009999999999999787,203,70608.0,买盘
10:20:42,3.48,0.0,206,71606.0,买盘
10:20:45,3.48,0.0,51,17748.0,买盘
10:20:48,3.48,0.0,39,13572.0,卖盘
10:20:51,3.48,0.0,15,5210.0,买盘
10:20:54,3.48,0.0,29,10074.0,买盘
10:20:57,3.48,0.0,19,6612.0,买盘
10:21:00,3.47,-0.009999999999999787,66,22965.0,卖盘
10:21:03,3.48,0.009999999999999787,25,8700.0,买盘
10:21:06,3.48,0.0,53,18444.0,买盘
10:21:09,3.47,-0.009999999999999787,3,1043.0,卖盘
10:21:13,3.47,0.0,24,8338.0,卖盘
10:21:16,3.48,0.009999999999999787,27,9382.0,买盘
10:21:19,3.47,-0.009999999999999787,41,14233.0,卖盘
10:21:26,3.48,0.009999999999999787,94,32673.0,买盘
10:21:29,3.48,0.0,55,19112.0,买盘
10:21:32,3.47,-0.009999999999999787,236,82124.0,卖盘
10:21:35,3.48,0.009999999999999787,2,696.0,买盘
10:21:38,3.47,-0.009999999999999787,380,132216.0,卖盘
10:21:42,3.48,0.009999999999999787,23,8004.0,买盘
10:21:45,3.47,-0.009999999999999787,29,10091.0,卖盘
10:21:48,3.47,0.0,49,17003.0,卖盘
10:21:51,3.47,0.0,2,694.0,卖盘
10:21:54,3.47,0.0,2592,899424.0,卖盘
10:21:57,3.47,0.0,296,102682.0,买盘
10:22:00,3.47,0.0,886,306942.0,买盘
10:22:03,3.47,0.0,221,76687.0,买盘
10:22:07,3.47,0.0,124,42996.0,买盘
10:22:10,3.47,0.0,192,66624.0,买盘
10:22:13,3.47,0.0,195,67641.0,买盘
10:22:17,3.47,0.0,361,125267.0,买盘
10:22:20,3.46,-0.010000000000000231,140,48476.0,卖盘
10:22:23,3.47,0.010000000000000231,16,5547.0,买盘
10:22:26,3.47,0.0,7,2426.0,买盘
10:22:29,3.47,0.0,122,42229.0,买盘
10:22:32,3.47,0.0,237,82233.0,买盘
10:22:35,3.46,-0.010000000000000231,60,20778.0,卖盘
10:22:39,3.47,0.010000000000000231,82,28454.0,买盘
10:22:42,3.46,-0.010000000000000231,125,43250.0,卖盘
10:22:45,3.47,0.010000000000000231,26,9019.0,买盘
10:22:48,3.47,0.0,335,116245.0,买盘
10:22:51,3.47,0.0,470,163090.0,买盘
10:22:54,3.47,0.0,67,23249.0,买盘
10:22:57,3.47,0.0,111,38517.0,买盘
10:23:00,3.47,0.0,542,188071.0,买盘
10:23:04,3.47,0.0,322,111729.0,买盘
10:23:07,3.48,0.009999999999999787,391,135747.0,买盘
10:23:14,3.47,-0.009999999999999787,66,22947.0,卖盘
10:23:17,3.47,0.0,217,75299.0,卖盘
10:23:20,3.47,0.0,80,27760.0,买盘
10:23:23,3.47,0.0,41,14237.0,买盘
10:23:26,3.47,0.0,73,25366.0,卖盘
10:23:29,3.48,0.009999999999999787,11,3827.0,买盘
10:23:33,3.48,0.0,28,9718.0,买盘
10:23:39,3.48,0.0,12,4176.0,买盘
10:23:45,3.47,-0.009999999999999787,42,14576.0,卖盘
10:23:48,3.48,0.009999999999999787,35,12180.0,买盘
10:23:51,3.48,0.0,93,32362.0,买盘
10:23:54,3.48,0.0,88,30619.0,买盘
10:23:57,3.48,0.0,51,17748.0,买盘
10:24:00,3.48,0.0,116,40368.0,买盘
10:24:04,3.48,0.0,180,62637.0,买盘
10:24:07,3.48,0.0,44,15312.0,买盘
10:24:10,3.48,0.0,13,4524.0,买盘
10:24:14,3.48,0.0,125,43500.0,买盘
10:24:17,3.48,0.0,210,73080.0,买盘
10:24:20,3.47,-0.009999999999999787,8,2776.0,卖盘
10:24:23,3.47,0.0,4,1388.0,卖盘
10:24:26,3.48,0.009999999999999787,20,6960.0,买盘
10:24:29,3.48,0.0,198,68904.0,买盘
10:24:36,3.48,0.0,81,28188.0,买盘
10:24:39,3.48,0.0,10,3480.0,买盘
10:24:42,3.48,0.0,15,5220.0,买盘
10:24:45,3.47,-0.009999999999999787,109,37827.0,卖盘
10:24:48,3.48,0.009999999999999787,35,12175.0,买盘
10:24:51,3.48,0.0,12,4173.0,买盘
10:24:54,3.47,-0.009999999999999787,3,1043.0,卖盘
10:24:57,3.48,0.009999999999999787,103,35828.0,买盘
10:25:00,3.48,0.0,72,25042.0,买盘
10:25:04,3.48,0.0,4,1392.0,买盘
10:25:10,3.48,0.0,34,11832.0,买盘
10:25:14,3.48,0.0,19,6610.0,买盘
10:25:20,3.48,0.0,10,3480.0,买盘
10:25:23,3.48,0.0,65,22570.0,买盘
10:25:26,3.48,0.0,4,1392.0,买盘
10:25:29,3.47,-0.009999999999999787,399,138453.0,卖盘
10:25:32,3.48,0.009999999999999787,267,92904.0,买盘
10:25:36,3.47,-0.009999999999999787,1658,575326.0,卖盘
10:25:39,3.47,0.0,42,14574.0,卖盘
10:25:42,3.47,0.0,248,86056.0,卖盘
10:25:45,3.48,0.009999999999999787,22,7654.0,买盘
10:25:51,3.48,0.0,57,19836.0,买盘
10:25:54,3.47,-0.009999999999999787,20,6955.0,卖盘
10:25:57,3.47,0.0,19,6593.0,卖盘
10:26:00,3.47,0.0,36,12492.0,卖盘
10:26:04,3.47,0.0,26,9022.0,卖盘
10:26:07,3.47,0.0,24,8328.0,卖盘
10:26:10,3.47,0.0,19,6593.0,卖盘
10:26:14,3.47,0.0,67,23249.0,卖盘
10:26:17,3.48,0.009999999999999787,6,2087.0,买盘
10:26:20,3.47,-0.009999999999999787,54,18738.0,卖盘
10:26:23,3.47,0.0,374,129778.0,卖盘
10:26:26,3.47,0.0,114,39564.0,卖盘
10:26:29,3.48,0.009999999999999787,65,22595.0,买盘
10:26:33,3.47,-0.009999999999999787,62,21514.0,卖盘
10:26:36,3.47,0.0,47,16309.0,卖盘
10:26:39,3.47,0.0,21,7287.0,卖盘
10:26:42,3.47,0.0,62,21529.0,卖盘
10:26:45,3.48,0.009999999999999787,14,4871.0,买盘
10:26:48,3.47,-0.009999999999999787,5,1735.0,卖盘
10:26:51,3.47,0.0,118,40947.0,卖盘
10:26:54,3.47,0.0,520,180440.0,卖盘
10:26:57,3.47,0.0,665,230755.0,卖盘
10:27:00,3.47,0.0,50,17350.0,买盘
10:27:04,3.46,-0.010000000000000231,53,18341.0,卖盘
10:27:07,3.46,0.0,64,22145.0,卖盘
10:27:11,3.47,0.010000000000000231,58,20086.0,买盘
10:27:14,3.47,0.0,260,90076.0,买盘
10:27:17,3.47,0.0,235,81380.0,买盘
10:27:20,3.47,0.0,111,38516.0,买盘
10:27:23,3.47,0.0,242,83947.0,买盘
10:27:26,3.46,-0.010000000000000231,111,38461.0,卖盘
10:27:30,3.47,0.010000000000000231,89,30882.0,买盘
10:27:33,3.47,0.0,69,23939.0,买盘
10:27:36,3.47,0.0,23,7981.0,买盘
10:27:39,3.47,0.0,136,47192.0,买盘
10:27:42,3.47,0.0,114,39558.0,买盘
10:27:45,3.47,0.0,35,12143.0,买盘
10:27:48,3.47,0.0,210,72732.0,买盘
10:27:51,3.46,-0.010000000000000231,30,10380.0,卖盘
10:27:54,3.46,0.0,20,6920.0,卖盘
10:27:57,3.46,0.0,845,292378.0,卖盘
10:28:01,3.46,0.0,49,16954.0,卖盘
10:28:04,3.46,0.0,170,58894.0,卖盘
10:28:07,3.47,0.010000000000000231,459,159251.0,买盘
10:28:11,3.46,-0.010000000000000231,1109,383818.0,卖盘
10:28:14,3.46,0.0,42,14542.0,卖盘
10:28:17,3.46,0.0,49,16957.0,买盘
10:28:20,3.46,0.0,29,10034.0,卖盘
10:28:23,3.46,0.0,43,14878.0,卖盘
10:28:26,3.47,0.010000000000000231,29,10063.0,买盘
10:28:30,3.47,0.0,214,74072.0,买盘
10:28:33,3.47,0.0,30,10410.0,买盘
10:28:36,3.47,0.0,119,41218.0,买盘
10:28:39,3.47,0.0,39,13533.0,买盘
10:28:42,3.47,0.0,191,66204.0,买盘
10:28:45,3.47,0.0,37,12838.0,买盘
10:28:48,3.47,0.0,47,16309.0,买盘
10:28:51,3.47,0.0,647,224509.0,卖盘
10:28:54,3.47,0.0,313,108326.0,卖盘
10:28:58,3.47,0.0,6,2082.0,买盘
10:29:01,3.47,0.0,26,9022.0,买盘
10:29:04,3.47,0.0,26,9022.0,买盘
10:29:08,3.47,0.0,103,35741.0,卖盘
10:29:11,3.47,0.0,58,20126.0,买盘
10:29:14,3.47,0.0,78,27066.0,买盘
10:29:17,3.47,0.0,99,34353.0,买盘
10:29:20,3.47,0.0,84,29128.0,卖盘
10:29:23,3.47,0.0,63,21861.0,卖盘
10:29:27,3.48,0.009999999999999787,7,2434.0,买盘
10:29:30,3.47,-0.009999999999999787,5,1735.0,中性盘
10:29:33,3.47,0.0,20,6951.0,买盘
10:29:36,3.47,0.0,81,28147.0,卖盘
10:29:39,3.46,-0.010000000000000231,42,14567.0,卖盘
10:29:42,3.47,0.010000000000000231,61,21167.0,买盘
10:29:45,3.46,-0.010000000000000231,44,15224.0,卖盘
10:29:51,3.46,0.0,15,5198.0,卖盘
10:29:58,3.46,0.0,8,2768.0,卖盘
10:30:01,3.46,0.0,16,5536.0,卖盘
10:30:05,3.46,0.0,51,17646.0,卖盘
10:30:08,3.47,0.010000000000000231,7,2429.0,中性盘
10:30:11,3.47,0.0,254,87916.0,买盘
10:30:14,3.47,0.0,106,36730.0,买盘
10:30:17,3.47,0.0,63,21861.0,买盘
10:30:20,3.46,-0.010000000000000231,244,84541.0,卖盘
10:30:24,3.47,0.010000000000000231,135,46844.0,买盘
10:30:27,3.46,-0.010000000000000231,187,64870.0,卖盘
10:30:30,3.47,0.010000000000000231,56,19432.0,卖盘
10:30:33,3.47,0.0,21,7287.0,卖盘
10:30:36,3.47,0.0,123,42681.0,卖盘
10:30:39,3.47,0.0,55,19085.0,卖盘
10:30:42,3.47,0.0,2975,1027549.0,买盘
10:30:45,3.47,0.0,185,64195.0,卖盘
10:30:48,3.47,0.0,9,3123.0,卖盘
10:30:51,3.47,0.0,219,75993.0,卖盘
10:30:55,3.47,0.0,47,16309.0,买盘
10:30:58,3.47,0.0,64,22208.0,买盘
10:31:01,3.47,0.0,31,10756.0,买盘
10:31:05,3.46,-0.010000000000000231,22,7614.0,卖盘
10:31:08,3.47,0.010000000000000231,70,24240.0,买盘
10:31:11,3.47,0.0,3,1041.0,买盘
10:31:14,3.47,0.0,59,20473.0,买盘
10:31:17,3.47,0.0,80,27760.0,买盘
10:31:20,3.47,0.0,73,25331.0,买盘
10:31:24,3.47,0.0,67,23249.0,买盘
10:31:27,3.47,0.0,124,43017.0,买盘
10:31:30,3.47,0.0,81,28107.0,买盘
10:31:33,3.47,0.0,2757,952011.4499999881,买盘
10:31:36,3.47,0.0,247,85697.0,买盘
10:31:39,3.47,0.0,366,126985.0,卖盘
10:31:42,3.47,0.0,71,24637.0,买盘
10:31:45,3.46,-0.010000000000000231,1020,352940.0,卖盘
10:31:48,3.47,0.010000000000000231,143,49621.0,买盘
10:31:52,3.47,0.0,96,33302.0,买盘
10:31:55,3.47,0.0,50,17332.0,卖盘
10:32:02,3.47,0.0,30,10410.0,卖盘
10:32:05,3.44,-0.03000000000000025,2386,821651.9900000095,卖盘
10:32:08,3.48,0.040000000000000036,2,696.0,买盘
10:32:11,3.43,-0.04999999999999982,4676,1608519.0,卖盘
10:32:14,3.47,0.040000000000000036,30,10410.0,卖盘
10:32:17,3.47,0.0,47,16306.0,买盘
10:32:21,3.47,0.0,22,7634.0,买盘
10:32:24,3.47,0.0,21,7287.0,卖盘
10:32:27,3.47,0.0,238,82586.0,卖盘
10:32:30,3.47,0.0,129,44763.0,买盘
10:32:33,3.47,0.0,179,62113.0,买盘
10:32:36,3.47,0.0,1,347.0,中性盘
10:32:39,3.47,0.0,110,38170.0,买盘
10:32:42,3.47,0.0,18,6246.0,买盘
10:32:45,3.47,0.0,28,9713.0,买盘
10:32:52,3.46,-0.010000000000000231,128,44413.0,卖盘
10:32:59,3.47,0.010000000000000231,1,347.0,买盘
10:33:02,3.46,-0.010000000000000231,56,19376.0,卖盘
10:33:05,3.46,0.0,201,69546.0,买盘
10:33:08,3.46,0.0,3,1038.0,卖盘
10:33:11,3.46,0.0,111,38407.0,卖盘
10:33:15,3.46,0.0,111,38406.0,卖盘
10:33:18,3.46,0.0,226,78196.0,卖盘
10:33:21,3.46,0.0,5,1730.0,卖盘
10:33:27,3.47,0.010000000000000231,114,39558.0,买盘
10:33:30,3.47,0.0,4,1388.0,买盘
10:33:33,3.46,-0.010000000000000231,138,47748.0,卖盘
10:33:36,3.46,0.0,20,6920.0,卖盘
10:33:39,3.46,0.0,95,32925.0,卖盘
10:33:43,3.46,0.0,3,1038.0,卖盘
10:33:46,3.46,0.0,13,4498.0,卖盘
10:33:49,3.46,0.0,102,35292.0,卖盘
10:33:52,3.46,0.0,36,12456.0,卖盘
10:33:59,3.46,0.0,194,67124.0,卖盘
10:34:02,3.46,0.0,216,74812.0,买盘
10:34:05,3.45,-0.009999999999999787,470,162301.0,卖盘
10:34:12,3.46,0.009999999999999787,46,15916.0,卖盘
10:34:18,3.46,0.0,16,5536.0,买盘
10:34:21,3.46,0.0,18,6214.0,中性盘
10:34:24,3.45,-0.009999999999999787,1223,421938.0,卖盘
10:34:27,3.46,0.009999999999999787,719,247841.0,买盘
10:34:30,3.46,0.0,97,33543.0,买盘
10:34:33,3.46,0.0,1066,366955.0,买盘
10:34:36,3.42,-0.040000000000000036,2003,687364.0,卖盘
10:34:39,3.45,0.03000000000000025,2,690.0,中性盘
10:34:43,3.46,0.009999999999999787,73,25258.0,买盘
10:34:46,3.42,-0.040000000000000036,3055,1046170.0,卖盘
10:34:50,3.45,0.03000000000000025,2,690.0,卖盘
10:34:53,3.45,0.0,1102,378169.0,卖盘
10:34:56,3.45,0.0,3,1035.0,中性盘
10:34:59,3.45,0.0,65,22425.0,卖盘
10:35:02,3.45,0.0,152,52420.0,卖盘
10:35:05,3.45,0.0,210,72450.0,买盘
10:35:08,3.45,0.0,267,92115.0,买盘
10:35:12,3.45,0.0,235,81075.0,买盘
10:35:15,3.45,0.0,91,31395.0,买盘
10:35:18,3.44,-0.010000000000000231,59,20354.0,卖盘
10:35:21,3.45,0.010000000000000231,7229,2467788.0,买盘
10:35:24,3.44,-0.010000000000000231,6,2066.0,卖盘
10:35:27,3.44,0.0,7284,2478352.0,买盘
10:35:30,3.42,-0.020000000000000018,416,143054.0,卖盘
10:35:33,3.45,0.03000000000000025,66,22770.0,中性盘
10:35:40,3.43,-0.020000000000000018,92,31718.0,卖盘
10:35:43,3.46,0.029999999999999805,125,43007.0,买盘
10:35:46,3.45,-0.009999999999999787,59,20378.0,买盘
10:35:49,3.45,0.0,10018,3395824.0,买盘
10:35:53,3.45,0.0,1,345.0,买盘
10:35:56,3.44,-0.010000000000000231,618,212592.0,卖盘
10:35:59,3.44,0.0,1015,349160.0,买盘
10:36:02,3.44,0.0,186,63984.0,买盘
10:36:05,3.44,0.0,422,145110.0,买盘
10:36:09,3.44,0.0,341,117304.0,买盘
10:36:12,3.44,0.0,248,85017.0,买盘
10:36:15,3.44,0.0,7,2408.0,买盘
10:36:18,3.44,0.0,25,8600.0,买盘
10:36:21,3.44,0.0,15,5160.0,买盘
10:36:24,3.44,0.0,214,73460.0,买盘
10:36:27,3.44,0.0,155,53315.0,买盘
10:36:30,3.43,-0.009999999999999787,196,67229.0,卖盘
10:36:33,3.43,0.0,317,108731.0,买盘
10:36:37,3.4,-0.03000000000000025,2610,890523.0,卖盘
10:36:40,3.43,0.03000000000000025,336,115244.0,买盘
10:36:44,3.43,0.0,422,144746.0,买盘
10:36:47,3.43,0.0,246,84373.0,买盘
10:36:50,3.42,-0.010000000000000231,5037,1713206.0,卖盘
10:36:53,3.43,0.010000000000000231,258,88569.0,买盘
10:36:56,3.43,0.0,484,166021.0,买盘
10:36:59,3.44,0.009999999999999787,72,24698.0,买盘
10:37:02,3.44,0.0,20,6880.0,卖盘
10:37:06,3.44,0.0,64,22016.0,卖盘
10:37:09,3.44,0.0,153,52632.0,买盘
10:37:12,3.44,0.0,292,100448.0,买盘
10:37:15,3.44,0.0,76,26144.0,买盘
10:37:18,3.44,0.0,142,48848.0,卖盘
10:37:21,3.44,0.0,490,168537.0,买盘
10:37:24,3.44,0.0,67,23052.0,卖盘
10:37:27,3.44,0.0,10,3440.0,买盘
10:37:30,3.45,0.010000000000000231,9,3105.0,买盘
10:37:34,3.45,0.0,371,127926.0,买盘
10:37:37,3.45,0.0,181,62174.0,买盘
10:37:40,3.45,0.0,96,33120.0,买盘
10:37:44,3.45,0.0,8,2760.0,卖盘
10:37:47,3.45,0.0,11,3795.0,卖盘
10:37:50,3.45,0.0,19,6555.0,卖盘
10:37:53,3.45,0.0,74,25530.0,卖盘
10:37:56,3.45,0.0,64,22077.0,买盘
10:37:59,3.45,0.0,318,109710.0,买盘
10:38:02,3.45,0.0,64,22080.0,买盘
10:38:06,3.45,0.0,1,345.0,卖盘
10:38:09,3.45,0.0,241,83145.0,卖盘
10:38:12,3.45,0.0,21,7245.0,买盘
10:38:15,3.45,0.0,146,50370.0,买盘
10:38:18,3.44,-0.010000000000000231,186,64159.0,卖盘
10:38:21,3.45,0.010000000000000231,13,4480.0,买盘
10:38:24,3.44,-0.010000000000000231,13,4478.0,卖盘
10:38:27,3.44,0.0,36,12384.0,卖盘
10:38:31,3.44,0.0,74,25456.0,卖盘
10:38:37,3.45,0.010000000000000231,1,345.0,买盘
10:38:41,3.44,-0.010000000000000231,81,27874.0,卖盘
10:38:50,3.45,0.010000000000000231,3,1035.0,买盘
10:38:53,3.44,-0.010000000000000231,70,24145.0,卖盘
10:39:00,3.44,0.0,152,52288.0,卖盘
10:39:03,3.44,0.0,2,688.0,卖盘
10:39:09,3.44,0.0,325,111800.0,卖盘
10:39:12,3.45,0.010000000000000231,134,46182.0,买盘
10:39:15,3.44,-0.010000000000000231,84,28896.0,卖盘
10:39:18,3.44,0.0,31,10664.0,买盘
10:39:21,3.43,-0.009999999999999787,291,99816.0,卖盘
10:39:24,3.44,0.009999999999999787,5,1720.0,买盘
10:39:28,3.44,0.0,24,8256.0,买盘
10:39:31,3.43,-0.009999999999999787,116,39798.0,卖盘
10:39:34,3.44,0.009999999999999787,3,1032.0,买盘
10:39:38,3.43,-0.009999999999999787,35,12005.0,卖盘
10:39:41,3.45,0.020000000000000018,70,24132.0,买盘
10:39:44,3.43,-0.020000000000000018,35,12006.0,卖盘
10:39:47,3.44,0.009999999999999787,14,4816.0,买盘
10:39:50,3.43,-0.009999999999999787,4,1373.0,卖盘
10:39:53,3.43,0.0,593,203399.0,卖盘
10:39:56,3.44,0.009999999999999787,55,18920.0,买盘
10:40:00,3.43,-0.009999999999999787,21,7203.0,卖盘
10:40:06,3.43,0.0,40,13720.0,卖盘
10:40:09,3.43,0.0,177,60711.0,卖盘
10:40:12,3.43,0.0,106,36358.0,买盘
10:40:15,3.43,0.0,21,7203.0,卖盘
10:40:18,3.42,-0.010000000000000231,16,5480.0,卖盘
10:40:21,3.43,0.010000000000000231,5,1715.0,卖盘
10:40:24,3.44,0.009999999999999787,5,1719.0,买盘
10:40:28,3.39,-0.04999999999999982,8560,2911216.0,卖盘
10:40:31,3.42,0.029999999999999805,116,39672.0,卖盘
10:40:34,3.43,0.010000000000000231,90,30711.0,买盘
10:40:38,3.43,0.0,2,686.0,卖盘
10:40:41,3.42,-0.010000000000000231,127,43541.0,卖盘
10:40:44,3.42,0.0,312,106940.0,卖盘
10:40:47,3.42,0.0,241,82625.0,卖盘
10:40:50,3.43,0.010000000000000231,263,90150.0,中性盘
10:40:53,3.42,-0.010000000000000231,1220,417339.0,卖盘
10:40:56,3.42,0.0,491,167922.0,买盘
10:41:00,3.43,0.010000000000000231,283,97009.0,买盘
10:41:03,3.43,0.0,324,111123.0,买盘
10:41:06,3.43,0.0,45,15435.0,买盘
10:41:09,3.42,-0.010000000000000231,87,29811.0,卖盘
10:41:12,3.43,0.010000000000000231,359,123034.0,卖盘
10:41:15,3.43,0.0,148,50764.0,卖盘
10:41:18,3.43,0.0,3,1029.0,卖盘
10:41:21,3.43,0.0,108,37044.0,卖盘
10:41:25,3.44,0.009999999999999787,241,82855.0,买盘
10:41:28,3.44,0.0,574,197456.0,买盘
10:41:31,3.44,0.0,307,105605.0,买盘
10:41:35,3.44,0.0,218,74989.0,买盘
10:41:38,3.44,0.0,41,14104.0,买盘
10:41:41,3.44,0.0,124,42576.0,买盘
10:41:44,3.43,-0.009999999999999787,124,42631.0,卖盘
10:41:47,3.44,0.009999999999999787,61,20984.0,买盘
10:41:50,3.44,0.0,78,26832.0,卖盘
10:41:53,3.44,0.0,109,37445.0,买盘
10:41:57,3.44,0.0,18,6190.0,买盘
10:42:00,3.44,0.0,119,40886.0,买盘
10:42:03,3.43,-0.009999999999999787,477,163634.0,卖盘
10:42:06,3.44,0.009999999999999787,9,3096.0,卖盘
10:42:09,3.44,0.0,275,94570.0,卖盘
10:42:12,3.45,0.010000000000000231,140,48211.0,买盘
10:42:15,3.44,-0.010000000000000231,345,118452.0,卖盘
10:42:22,3.44,0.0,485,166758.0,卖盘
10:42:25,3.44,0.0,261,89784.0,买盘
10:42:28,3.44,0.0,82,28208.0,买盘
10:42:32,3.44,0.0,23,7912.0,买盘
10:42:35,3.44,0.0,45,15480.0,买盘
10:42:38,3.44,0.0,91,31304.0,卖盘
10:42:44,3.44,0.0,16,5509.0,卖盘
10:42:51,3.44,0.0,14,4816.0,卖盘
10:42:57,3.44,0.0,20,6880.0,卖盘
10:43:03,3.44,0.0,46,15824.0,卖盘
10:43:06,3.44,0.0,35,12050.0,卖盘
10:43:09,3.44,0.0,137,47128.0,卖盘
10:43:12,3.44,0.0,4,1376.0,买盘
10:43:15,3.44,0.0,16,5504.0,买盘
10:43:19,3.44,0.0,52,17888.0,买盘
10:43:22,3.44,0.0,2,688.0,买盘
10:43:25,3.44,0.0,13,4472.0,买盘
10:43:28,3.44,0.0,1,344.0,买盘
10:43:35,3.43,-0.009999999999999787,74,25432.0,卖盘
10:43:38,3.44,0.009999999999999787,55,18920.0,买盘
10:43:41,3.44,0.0,2,688.0,卖盘
10:43:48,3.44,0.0,9,3096.0,卖盘
10:43:51,3.44,0.0,4,1376.0,卖盘
10:43:57,3.44,0.0,64,22016.0,卖盘
10:44:00,3.44,0.0,95,32680.0,卖盘
10:44:03,3.44,0.0,19,6536.0,买盘
10:44:09,3.43,-0.009999999999999787,10,3430.0,卖盘
10:44:25,3.43,0.0,33,11324.0,卖盘
10:44:29,3.43,0.0,171,58653.0,卖盘
10:44:35,3.43,0.0,7,2401.0,卖盘
10:44:38,3.43,0.0,11,3773.0,卖盘
10:44:45,3.43,0.0,5,1715.0,卖盘
10:44:48,3.44,0.009999999999999787,151,51944.0,买盘
10:44:51,3.43,-0.009999999999999787,15,5145.0,卖盘
10:44:54,3.43,0.0,43,14749.0,卖盘
10:44:57,3.45,0.020000000000000018,341,117484.0,买盘
10:45:00,3.43,-0.020000000000000018,1778,609524.0,卖盘
10:45:03,3.44,0.009999999999999787,10,3431.0,中性盘
10:45:06,3.45,0.010000000000000231,20,6895.0,买盘
10:45:09,3.44,-0.010000000000000231,84,28896.0,中性盘
10:45:13,3.44,0.0,5,1720.0,买盘
10:45:16,3.44,0.0,87,29896.0,买盘
10:45:19,3.43,-0.009999999999999787,139,47760.0,卖盘
10:45:22,3.44,0.009999999999999787,174,59856.0,买盘
10:45:26,3.44,0.0,6,2063.0,买盘
10:45:29,3.43,-0.009999999999999787,7,2401.0,卖盘
10:45:35,3.44,0.009999999999999787,21,7224.0,卖盘
10:45:41,3.45,0.010000000000000231,5,1725.0,买盘
10:45:45,3.44,-0.010000000000000231,36,12384.0,卖盘
10:45:48,3.44,0.0,6,2064.0,卖盘
10:45:51,3.45,0.010000000000000231,428,147658.0,买盘
10:45:54,3.45,0.0,61,21093.0,买盘
10:45:57,3.46,0.009999999999999787,10,3460.0,买盘
10:46:00,3.45,-0.009999999999999787,528,182394.0,卖盘
10:46:03,3.46,0.009999999999999787,202,69949.0,买盘
10:46:06,3.46,0.0,1,346.0,卖盘
10:46:13,3.46,0.0,100,34600.0,卖盘
10:46:16,3.47,0.010000000000000231,22,7614.0,买盘
10:46:20,3.47,0.0,100,34700.0,买盘
10:46:23,3.47,0.0,32,11104.0,买盘
10:46:26,3.47,0.0,80,27750.0,买盘
10:46:29,3.47,0.0,291,100710.0,买盘
10:46:32,3.46,-0.010000000000000231,107,37022.0,卖盘
10:46:35,3.47,0.010000000000000231,31,10752.0,买盘
10:46:38,3.47,0.0,1,347.0,买盘
10:46:51,3.46,-0.010000000000000231,1,346.0,卖盘
10:46:54,3.47,0.010000000000000231,7,2429.0,买盘
10:46:57,3.46,-0.010000000000000231,280,96925.0,卖盘
10:47:00,3.46,0.0,10,3460.0,卖盘
10:47:06,3.47,0.010000000000000231,208,72176.0,买盘
10:47:10,3.47,0.0,222,77034.0,买盘
10:47:13,3.47,0.0,139,48171.0,卖盘
10:47:16,3.47,0.0,104,36088.0,卖盘
10:47:20,3.47,0.0,141,48927.0,卖盘
10:47:23,3.47,0.0,31,10757.0,卖盘
10:47:29,3.47,0.0,56,19432.0,卖盘
10:47:32,3.48,0.009999999999999787,104,36174.0,买盘
10:47:35,3.47,-0.009999999999999787,1,347.0,卖盘
10:47:39,3.47,0.0,21,7287.0,买盘
10:47:42,3.47,0.0,114,39558.0,买盘
10:47:48,3.47,0.0,10,3470.0,买盘
10:47:54,3.46,-0.010000000000000231,53,18384.0,卖盘
10:47:57,3.47,0.010000000000000231,2,694.0,中性盘
10:48:00,3.47,0.0,35,12145.0,卖盘
10:48:03,3.47,0.0,15,5205.0,买盘
10:48:07,3.47,0.0,38,13186.0,买盘
10:48:10,3.47,0.0,37,12839.0,卖盘
10:48:13,3.47,0.0,2,694.0,买盘
10:48:16,3.47,0.0,116,40201.0,卖盘
10:48:20,3.47,0.0,113,39211.0,买盘
10:48:23,3.47,0.0,47,16309.0,买盘
10:48:26,3.47,0.0,20,6940.0,买盘
10:48:29,3.47,0.0,479,165860.0,卖盘
10:48:32,3.47,0.0,18,6246.0,买盘
10:48:35,3.47,0.0,142,49274.0,卖盘
10:48:39,3.47,0.0,34,11798.0,买盘
10:48:45,3.47,0.0,28,9709.0,买盘
10:48:48,3.47,0.0,223,77381.0,买盘
10:48:51,3.47,0.0,46,15962.0,卖盘
10:48:54,3.47,0.0,19,6593.0,买盘
10:48:57,3.47,0.0,8,2775.0,中性盘
10:49:00,3.48,0.009999999999999787,4,1391.0,买盘
10:49:03,3.47,-0.009999999999999787,10,3470.0,中性盘
10:49:10,3.47,0.0,37,12839.0,买盘
10:49:13,3.46,-0.010000000000000231,35,12123.0,卖盘
10:49:16,3.47,0.010000000000000231,161,55767.0,买盘
10:49:20,3.47,0.0,86,29842.0,卖盘
10:49:26,3.46,-0.010000000000000231,105,36340.0,卖盘
10:49:29,3.46,0.0,2278,788188.0,卖盘
10:49:32,3.45,-0.009999999999999787,34,11730.0,卖盘
10:49:35,3.45,0.0,96,33120.0,卖盘
10:49:39,3.47,0.020000000000000018,2045,703848.0,买盘
10:49:42,3.47,0.0,90,31203.0,买盘
10:49:45,3.44,-0.03000000000000025,56,19264.0,卖盘
10:49:48,3.45,0.010000000000000231,55,19015.0,卖盘
10:49:51,3.47,0.020000000000000018,2171,744526.0,买盘
10:49:54,3.46,-0.010000000000000231,46,15912.0,卖盘
10:49:57,3.44,-0.020000000000000018,378,130091.0,卖盘
10:50:00,3.44,0.0,437,150328.0,买盘
10:50:03,3.44,0.0,435,149637.0,买盘
10:50:07,3.44,0.0,326,112096.0,买盘
10:50:10,3.44,0.0,139,47816.0,买盘
10:50:13,3.43,-0.009999999999999787,1148,394827.0,卖盘
10:50:17,3.44,0.009999999999999787,397,136568.0,买盘
10:50:20,3.44,0.0,354,121776.0,买盘
10:50:23,3.44,0.0,892,306677.0,买盘
10:50:26,3.44,0.0,6,2064.0,买盘
10:50:29,3.44,0.0,2,688.0,买盘
10:50:32,3.44,0.0,86,29584.0,买盘
10:50:36,3.44,0.0,13,4472.0,买盘
10:50:42,3.44,0.0,6,2064.0,买盘
10:50:45,3.44,0.0,417,143428.0,买盘
10:50:48,3.44,0.0,231,79459.0,买盘
10:50:51,3.44,0.0,154,52940.0,买盘
10:50:54,3.45,0.010000000000000231,2459,845897.0,买盘
10:50:57,3.45,0.0,131,45195.0,买盘
10:51:00,3.44,-0.010000000000000231,157,54122.0,卖盘
10:51:07,3.46,0.020000000000000018,1,346.0,买盘
10:51:10,3.46,0.0,58,20022.0,买盘
10:51:17,3.46,0.0,6,2076.0,买盘
10:51:20,3.45,-0.009999999999999787,26,8970.0,卖盘
10:51:23,3.45,0.0,16,5520.0,卖盘
10:51:26,3.45,0.0,35,12080.0,卖盘
10:51:29,3.45,0.0,1,345.0,卖盘
10:51:32,3.45,0.0,10,3450.0,卖盘
10:51:39,3.46,0.009999999999999787,35,12110.0,买盘
10:51:42,3.45,-0.009999999999999787,1,345.0,卖盘
10:51:45,3.46,0.009999999999999787,223,77095.0,买盘
10:51:48,3.46,0.0,397,137362.0,买盘
10:51:51,3.46,0.0,163,56398.0,买盘
10:51:54,3.46,0.0,17,5882.0,买盘
10:51:57,3.47,0.010000000000000231,276,95772.0,买盘
10:52:01,3.46,-0.010000000000000231,2,692.0,卖盘
10:52:07,3.47,0.010000000000000231,126,43722.0,买盘
10:52:10,3.46,-0.010000000000000231,167,57782.0,卖盘
10:52:14,3.46,0.0,68,23528.0,买盘
10:52:26,3.47,0.010000000000000231,4,1388.0,买盘
10:52:36,3.46,-0.010000000000000231,1,346.0,卖盘
10:52:39,3.46,0.0,41,14186.0,卖盘
10:52:42,3.46,0.0,248,86039.0,卖盘
10:52:45,3.46,0.0,17,5882.0,卖盘
10:52:48,3.46,0.0,108,37368.0,卖盘
10:52:51,3.46,0.0,10,3460.0,买盘
10:52:58,3.46,0.0,4,1384.0,卖盘
10:53:04,3.46,0.0,9,3114.0,买盘
10:53:07,3.46,0.0,5013,1720573.0,买盘
10:53:11,3.46,0.0,18,6228.0,买盘
10:53:20,3.46,0.0,183,63313.0,买盘
10:53:23,3.46,0.0,190,65638.0,买盘
10:53:26,3.45,-0.009999999999999787,141,48645.0,卖盘
10:53:30,3.45,0.0,8,2760.0,买盘
10:53:36,3.46,0.009999999999999787,129,44634.0,卖盘
10:53:39,3.47,0.010000000000000231,153,52924.0,买盘
10:53:42,3.46,-0.010000000000000231,117,40585.0,中性盘
10:53:45,3.46,0.0,5,1729.0,中性盘
10:53:51,3.45,-0.009999999999999787,5010,1713705.0,卖盘
10:53:55,3.45,0.0,49,16952.0,卖盘
10:53:58,3.46,0.009999999999999787,56,19376.0,买盘
10:54:01,3.46,0.0,25,8655.0,卖盘
10:54:04,3.46,0.0,95,32870.0,卖盘
10:54:11,3.45,-0.009999999999999787,9,3105.0,买盘
10:54:14,3.46,0.009999999999999787,235,81015.0,买盘
10:54:17,3.46,0.0,7,2422.0,买盘
10:54:20,3.46,0.0,80,27680.0,买盘
10:54:23,3.46,0.0,39,13494.0,买盘
10:54:26,3.46,0.0,208,71968.0,买盘
10:54:30,3.46,0.0,81,28026.0,买盘
10:54:33,3.45,-0.009999999999999787,64,22085.0,卖盘
10:54:36,3.46,0.009999999999999787,6,2076.0,买盘
10:54:39,3.46,0.0,93,32178.0,卖盘
10:54:42,3.46,0.0,27,9342.0,卖盘
10:54:45,3.46,0.0,1,346.0,中性盘
10:54:48,3.45,-0.009999999999999787,58,20027.0,卖盘
10:54:51,3.46,0.009999999999999787,15,5181.0,买盘
10:54:54,3.46,0.0,27,9332.0,买盘
10:54:58,3.46,0.0,123,42558.0,买盘
10:55:01,3.46,0.0,190,65739.0,买盘
10:55:04,3.46,0.0,46,15916.0,买盘
10:55:07,3.47,0.010000000000000231,167,57635.0,买盘
10:55:11,3.46,-0.010000000000000231,21,7273.0,卖盘
10:55:14,3.46,0.0,12,4152.0,买盘
10:55:17,3.46,0.0,45,15570.0,买盘
10:55:20,3.46,0.0,26,8996.0,买盘
10:55:23,3.46,0.0,42,14532.0,买盘
10:55:26,3.46,0.0,78,26988.0,买盘
10:55:30,3.46,0.0,14,4844.0,买盘
10:55:33,3.46,0.0,18,6223.0,买盘
10:55:36,3.46,0.0,3,1038.0,买盘
10:55:39,3.45,-0.009999999999999787,17,5869.0,卖盘
10:55:42,3.46,0.009999999999999787,25,8641.0,中性盘
10:55:45,3.45,-0.009999999999999787,275,95102.0,卖盘
10:55:51,3.46,0.009999999999999787,18,6244.0,卖盘
10:55:54,3.46,0.0,113,39038.0,卖盘
10:55:58,3.46,0.0,101,35011.0,卖盘
10:56:01,3.47,0.010000000000000231,64,22174.0,买盘
10:56:04,3.47,0.0,46,15962.0,买盘
10:56:07,3.46,-0.010000000000000231,412,142961.0,卖盘
10:56:11,3.47,0.010000000000000231,20,6933.0,买盘
10:56:17,3.46,-0.010000000000000231,100,34642.0,卖盘
10:56:20,3.46,0.0,15,5190.0,卖盘
10:56:26,3.47,0.010000000000000231,5,1735.0,买盘
10:56:30,3.46,-0.010000000000000231,7,2422.0,卖盘
10:56:33,3.46,0.0,2,692.0,卖盘
10:56:39,3.47,0.010000000000000231,9,3123.0,买盘
10:56:42,3.47,0.0,66,22902.0,买盘
10:56:45,3.47,0.0,50,17310.0,买盘
10:56:51,3.46,-0.010000000000000231,709,245314.0,卖盘
10:56:55,3.46,0.0,2,692.0,买盘
10:56:58,3.47,0.010000000000000231,565,195855.0,买盘
10:57:04,3.47,0.0,47,16271.0,买盘
10:57:08,3.46,-0.010000000000000231,81,28047.0,卖盘
10:57:11,3.47,0.010000000000000231,50,17350.0,买盘
10:57:14,3.46,-0.010000000000000231,31,10726.0,卖盘
10:57:20,3.46,0.0,199,68854.0,卖盘
10:57:26,3.47,0.010000000000000231,159,55023.0,买盘
10:57:30,3.46,-0.010000000000000231,22,7626.0,卖盘
10:57:33,3.47,0.010000000000000231,10,3470.0,买盘
10:57:36,3.47,0.0,14,4858.0,买盘
10:57:42,3.46,-0.010000000000000231,288,99648.0,卖盘
10:57:45,3.46,0.0,28,9688.0,买盘
10:57:55,3.46,0.0,42,14509.0,买盘
10:57:58,3.46,0.0,645,223170.0,买盘
10:58:01,3.46,0.0,39,13494.0,买盘
10:58:04,3.46,0.0,10,3460.0,卖盘
10:58:11,3.47,0.010000000000000231,90,31230.0,买盘
10:58:14,3.47,0.0,25,8675.0,买盘
10:58:17,3.47,0.0,112,38818.0,买盘
10:58:20,3.48,0.009999999999999787,5278,1836385.0,买盘
10:58:23,3.48,0.0,120,41753.0,买盘
10:58:27,3.48,0.0,125,43500.0,买盘
10:58:30,3.48,0.0,143,49764.0,买盘
10:58:33,3.48,0.0,87,30275.0,买盘
10:58:36,3.45,-0.029999999999999805,2719,938762.0,卖盘
10:58:39,3.47,0.020000000000000018,13,4521.0,中性盘
10:58:48,3.43,-0.040000000000000036,3002,1033606.0,卖盘
10:58:51,3.48,0.04999999999999982,3,1044.0,买盘
10:58:55,3.48,0.0,5,1740.0,买盘
10:59:01,3.47,-0.009999999999999787,11,3817.0,买盘
10:59:04,3.47,0.0,1,347.0,买盘
10:59:08,3.48,0.009999999999999787,81,28173.0,买盘
10:59:14,3.47,-0.009999999999999787,61,21167.0,买盘
10:59:17,3.47,0.0,7,2429.0,买盘
10:59:20,3.47,0.0,37,12868.0,买盘
10:59:23,3.47,0.0,2,694.0,买盘
10:59:27,3.47,0.0,32,11104.0,中性盘
10:59:30,3.47,0.0,34,11768.0,买盘
10:59:33,3.47,0.0,90,31278.0,卖盘
10:59:42,3.47,0.0,113,39320.0,卖盘
10:59:45,3.47,0.0,5,1735.0,卖盘
10:59:51,3.47,0.0,99,34353.0,卖盘
10:59:55,3.47,0.0,1,347.0,买盘
10:59:58,3.48,0.009999999999999787,10,3480.0,买盘
11:00:01,3.47,-0.009999999999999787,197,68359.0,中性盘
11:00:05,3.47,0.0,74,25678.0,买盘
11:00:08,3.47,0.0,12,4164.0,买盘
11:00:14,3.46,-0.010000000000000231,13,4498.0,卖盘
11:00:20,3.46,0.0,337,116602.0,卖盘
11:00:23,3.46,0.0,239,82694.0,买盘
11:00:27,3.46,0.0,43,14878.0,买盘
11:00:30,3.46,0.0,3,1038.0,卖盘
11:00:33,3.46,0.0,2,692.0,卖盘
11:00:39,3.46,0.0,1,346.0,卖盘
11:00:42,3.46,0.0,401,138781.0,卖盘
11:00:45,3.47,0.010000000000000231,301,104422.0,买盘
11:00:48,3.47,0.0,149,51703.0,买盘
11:00:52,3.47,0.0,198,68581.0,中性盘
11:00:55,3.44,-0.03000000000000025,610,210565.0,卖盘
11:00:58,3.45,0.010000000000000231,447,154215.0,买盘
11:01:01,3.45,0.0,339,116955.0,买盘
11:01:05,3.45,0.0,544,187680.0,买盘
11:01:08,3.47,0.020000000000000018,215,74192.0,买盘
11:01:11,3.45,-0.020000000000000018,26,9042.0,卖盘
11:01:17,3.45,0.0,100,34525.0,卖盘
11:01:21,3.45,0.0,8,2760.0,卖盘
11:01:24,3.45,0.0,13,4486.0,卖盘
11:01:27,3.45,0.0,19,6565.0,卖盘
11:01:30,3.47,0.020000000000000018,37,12839.0,买盘
11:01:36,3.45,-0.020000000000000018,498,172022.0,卖盘
11:01:39,3.45,0.0,689,237705.0,买盘
11:01:42,3.45,0.0,259,89355.0,买盘
11:01:49,3.45,0.0,5,1725.0,卖盘
11:01:52,3.45,0.0,20,6900.0,卖盘
11:02:02,3.45,0.0,106,36575.0,卖盘
11:02:05,3.45,0.0,13,4485.0,卖盘
11:02:08,3.45,0.0,116,40128.0,卖盘
11:02:11,3.47,0.020000000000000018,54,18696.0,买盘
11:02:14,3.45,-0.020000000000000018,3,1035.0,卖盘
11:02:18,3.45,0.0,119,41152.0,卖盘
11:02:21,3.46,0.009999999999999787,2,692.0,买盘
11:02:24,3.45,-0.009999999999999787,1,345.0,卖盘
11:02:27,3.46,0.009999999999999787,45,15539.0,买盘
11:02:33,3.46,0.0,4,1384.0,买盘
11:02:39,3.46,0.0,9,3113.0,买盘
11:02:43,3.46,0.0,44,15224.0,买盘
11:02:46,3.45,-0.009999999999999787,9,3106.0,卖盘
11:02:52,3.46,0.009999999999999787,1,346.0,买盘
11:02:56,3.45,-0.009999999999999787,2,690.0,卖盘
11:03:02,3.45,0.0,7,2415.0,卖盘
11:03:05,3.45,0.0,59,20357.0,卖盘
11:03:08,3.45,0.0,368,126960.0,卖盘
11:03:11,3.45,0.0,64,22080.0,买盘
11:03:15,3.46,0.009999999999999787,86,29756.0,买盘
11:03:21,3.45,-0.009999999999999787,14,4830.0,卖盘
11:03:24,3.45,0.0,3,1037.0,卖盘
11:03:27,3.46,0.009999999999999787,5,1730.0,买盘
11:03:30,3.45,-0.009999999999999787,40,13803.0,卖盘
11:03:33,3.45,0.0,1,345.0,卖盘
11:03:36,3.45,0.0,45,15525.0,卖盘
11:03:43,3.46,0.009999999999999787,2,692.0,买盘
11:03:46,3.44,-0.020000000000000018,505,173422.0,卖盘
11:03:49,3.44,0.0,31,10664.0,买盘
11:03:56,3.44,0.0,161,55384.0,买盘
11:03:59,3.44,0.0,158,54302.0,买盘
11:04:02,3.44,0.0,88,30268.0,买盘
11:04:05,3.44,0.0,126,43344.0,买盘
11:04:09,3.44,0.0,155,53262.0,买盘
11:04:12,3.44,0.0,80,27520.0,买盘
11:04:15,3.43,-0.009999999999999787,103,35397.0,卖盘
11:04:18,3.44,0.009999999999999787,126,43329.0,买盘
11:04:21,3.44,0.0,181,62264.0,买盘
11:04:24,3.46,0.020000000000000018,261,89885.0,买盘
11:04:27,3.46,0.0,43,14899.0,买盘
11:04:30,3.45,-0.009999999999999787,6,2075.0,卖盘
11:04:33,3.46,0.009999999999999787,171,59013.0,中性盘
11:04:37,3.46,0.0,171,59175.0,买盘
11:04:40,3.46,0.0,57,19722.0,买盘
11:04:43,3.46,0.0,53,18291.0,中性盘
11:04:47,3.46,0.0,1,346.0,中性盘
11:04:53,3.46,0.0,1,346.0,买盘
11:04:56,3.46,0.0,1,346.0,买盘
11:04:59,3.46,0.0,83,28708.0,买盘
11:05:02,3.46,0.0,13,4498.0,买盘
11:05:15,3.46,0.0,6,2076.0,买盘
11:05:18,3.46,0.0,2,692.0,买盘
11:05:21,3.44,-0.020000000000000018,4166,1433517.0,卖盘
11:05:24,3.44,0.0,131,45037.0,买盘
11:05:27,3.44,0.0,134,46096.0,买盘
11:05:30,3.43,-0.009999999999999787,6,2063.0,卖盘
11:05:34,3.43,0.0,508,174746.0,卖盘
11:05:37,3.44,0.009999999999999787,61,20984.0,买盘
11:05:40,3.44,0.0,50,17200.0,买盘
11:05:43,3.43,-0.009999999999999787,52,17838.0,卖盘
11:05:47,3.44,0.009999999999999787,2,688.0,买盘
11:05:48,3.44,0.0,109,37391.0,买盘
11:05:53,3.44,0.0,83,28480.0,买盘
11:05:56,3.43,-0.009999999999999787,14,4803.0,卖盘
11:05:59,3.44,0.009999999999999787,34,11696.0,买盘
11:06:02,3.44,0.0,4,1377.0,卖盘
11:06:06,3.44,0.0,3,1032.0,卖盘
11:06:09,3.44,0.0,3,1032.0,卖盘
11:06:12,3.44,0.0,88,30272.0,卖盘
11:06:15,3.44,0.0,8,2752.0,买盘
11:06:18,3.44,0.0,19,6536.0,买盘
11:06:21,3.44,0.0,28,9632.0,买盘
11:06:24,3.44,0.0,41,14104.0,买盘
11:06:27,3.44,0.0,314,107951.0,买盘
11:06:31,3.44,0.0,57,19608.0,买盘
11:06:34,3.44,0.0,20,6880.0,买盘
11:06:37,3.44,0.0,2,688.0,卖盘
11:06:47,3.44,0.0,44,15136.0,卖盘
11:06:50,3.44,0.0,175,60200.0,卖盘
11:06:53,3.44,0.0,298,102512.0,买盘
11:06:56,3.44,0.0,4,1376.0,买盘
11:06:59,3.44,0.0,2,688.0,卖盘
11:07:06,3.44,0.0,2,688.0,卖盘
11:07:09,3.44,0.0,2,688.0,中性盘
11:07:12,3.45,0.010000000000000231,29,10005.0,买盘
11:07:18,3.45,0.0,16,5520.0,买盘
11:07:21,3.44,-0.010000000000000231,1007,345570.0,卖盘
11:07:24,3.44,0.0,67,23048.0,买盘
11:07:28,3.44,0.0,12,4139.0,卖盘
11:07:31,3.44,0.0,23,7912.0,卖盘
11:07:34,3.44,0.0,64,22016.0,卖盘
11:07:38,3.44,0.0,1,344.0,买盘
11:07:41,3.43,-0.009999999999999787,407,139712.0,卖盘
11:07:44,3.43,0.0,344,117992.0,买盘
11:07:47,3.44,0.009999999999999787,185,63536.0,买盘
11:07:50,3.44,0.0,19,6536.0,买盘
11:07:53,3.43,-0.009999999999999787,72,24714.0,卖盘
11:08:00,3.44,0.009999999999999787,15,5160.0,买盘
11:08:03,3.44,0.0,10,3440.0,卖盘
11:08:06,3.44,0.0,30,10320.0,卖盘
11:08:09,3.44,0.0,39,13416.0,卖盘
11:08:12,3.44,0.0,62,21291.0,买盘
11:08:15,3.44,0.0,89,30616.0,买盘
11:08:18,3.44,0.0,25,8578.0,中性盘
11:08:21,3.43,-0.009999999999999787,21,7220.0,卖盘
11:08:25,3.44,0.009999999999999787,71,24493.0,中性盘
11:08:28,3.44,0.0,2,688.0,卖盘
11:08:31,3.44,0.0,1,344.0,卖盘
11:08:34,3.45,0.010000000000000231,50,17250.0,买盘
11:08:38,3.45,0.0,18,6210.0,买盘
11:08:41,3.44,-0.010000000000000231,9,3104.0,卖盘
11:08:44,3.44,0.0,1,344.0,卖盘
11:08:47,3.45,0.010000000000000231,3,1033.0,买盘
11:08:53,3.45,0.0,33,11385.0,买盘
11:08:57,3.45,0.0,3,1035.0,买盘
11:09:00,3.45,0.0,1012,349139.0,买盘
11:09:03,3.45,0.0,326,112468.0,买盘
11:09:06,3.45,0.0,98,33810.0,卖盘
11:09:09,3.45,0.0,49,16948.0,卖盘
11:09:18,3.45,0.0,22,7590.0,卖盘
11:09:21,3.45,0.0,206,71275.0,卖盘
11:09:25,3.43,-0.020000000000000018,2999,1030805.0,卖盘
11:09:28,3.45,0.020000000000000018,5,1723.0,买盘
11:09:35,3.45,0.0,5,1725.0,卖盘
11:09:38,3.45,0.0,7,2415.0,卖盘
11:09:44,3.45,0.0,1,345.0,卖盘
11:09:47,3.45,0.0,1,345.0,卖盘
11:09:53,3.45,0.0,122,42090.0,卖盘
11:09:57,3.45,0.0,89,30705.0,买盘
11:10:00,3.45,0.0,9,3105.0,买盘
11:10:03,3.45,0.0,2,690.0,中性盘
11:10:09,3.44,-0.010000000000000231,27,9305.0,卖盘
11:10:12,3.45,0.010000000000000231,325,112125.0,买盘
11:10:15,3.45,0.0,18,6210.0,买盘
11:10:18,3.45,0.0,202,69690.0,卖盘
11:10:21,3.45,0.0,180,62100.0,买盘
11:10:25,3.45,0.0,75,25875.0,买盘
11:10:35,3.45,0.0,61,21045.0,卖盘
11:10:38,3.45,0.0,57,19665.0,卖盘
11:10:41,3.45,0.0,24,8280.0,买盘
11:10:44,3.46,0.009999999999999787,81,27979.0,买盘
11:10:47,3.46,0.0,35,12080.0,买盘
11:10:50,3.46,0.0,1,346.0,买盘
11:10:54,3.46,0.0,98,33854.0,买盘
11:11:00,3.46,0.0,73,25207.0,买盘
11:11:03,3.46,0.0,108,37368.0,买盘
11:11:06,3.45,-0.009999999999999787,276,95220.0,卖盘
11:11:09,3.45,0.0,37,12765.0,买盘
11:11:12,3.45,0.0,106,36570.0,卖盘
11:11:15,3.45,0.0,68,23460.0,卖盘
11:11:18,3.45,0.0,51,17595.0,卖盘
11:11:22,3.45,0.0,76,26220.0,卖盘
11:11:25,3.45,0.0,65,22423.0,卖盘
11:11:28,3.45,0.0,129,44505.0,买盘
11:11:31,3.45,0.0,534,184019.0,买盘
11:11:35,3.46,0.009999999999999787,11,3796.0,买盘
11:11:38,3.45,-0.009999999999999787,3,1035.0,卖盘
11:11:41,3.45,0.0,114,39330.0,卖盘
11:11:44,3.46,0.009999999999999787,9,3114.0,买盘
11:11:47,3.46,0.0,46,15916.0,买盘
11:11:50,3.46,0.0,7,2416.0,买盘
11:11:54,3.46,0.0,276,95496.0,买盘
11:11:57,3.45,-0.009999999999999787,179,61896.0,卖盘
11:12:00,3.45,0.0,640,220837.0,卖盘
11:12:03,3.45,0.0,92,31740.0,买盘
11:12:06,3.45,0.0,23,7914.0,买盘
11:12:09,3.45,0.0,28,9660.0,买盘
11:12:12,3.45,0.0,12,4140.0,买盘
11:12:15,3.45,0.0,59,20297.0,买盘
11:12:18,3.45,0.0,15,5175.0,买盘
11:12:22,3.44,-0.010000000000000231,5,1720.0,卖盘
11:12:25,3.45,0.010000000000000231,5,1725.0,买盘
11:12:28,3.45,0.0,65,22425.0,买盘
11:12:35,3.45,0.0,21,7245.0,买盘
11:12:38,3.44,-0.010000000000000231,2,688.0,卖盘
11:12:41,3.45,0.010000000000000231,30,10350.0,买盘
11:12:44,3.45,0.0,1,345.0,买盘
11:12:47,3.44,-0.010000000000000231,11,3784.0,卖盘
11:12:54,3.44,0.0,2,688.0,卖盘
11:12:57,3.44,0.0,51,17580.0,卖盘
11:13:06,3.44,0.0,7,2413.0,卖盘
11:13:09,3.44,0.0,48,16512.0,卖盘
11:13:12,3.44,0.0,110,37840.0,卖盘
11:13:22,3.44,0.0,2,688.0,卖盘
11:13:25,3.45,0.010000000000000231,213,73277.0,买盘
11:13:29,3.44,-0.010000000000000231,203,69832.0,卖盘
11:13:32,3.44,0.0,207,71208.0,买盘
11:13:38,3.45,0.010000000000000231,11,3795.0,买盘
11:13:41,3.44,-0.010000000000000231,43,14794.0,卖盘
11:13:44,3.44,0.0,5,1720.0,卖盘
11:13:47,3.44,0.0,1,344.0,卖盘
11:13:51,3.44,0.0,5,1720.0,卖盘
11:13:57,3.44,0.0,29,9976.0,卖盘
11:14:00,3.44,0.0,4,1376.0,卖盘
11:14:06,3.45,0.010000000000000231,75,25838.0,买盘
11:14:09,3.44,-0.010000000000000231,56,19264.0,卖盘
11:14:19,3.44,0.0,1,344.0,卖盘
11:14:22,3.45,0.010000000000000231,28,9634.0,买盘
11:14:25,3.44,-0.010000000000000231,62,21333.0,卖盘
11:14:29,3.44,0.0,37,12729.0,卖盘
11:14:32,3.45,0.010000000000000231,5,1725.0,买盘
11:14:38,3.45,0.0,280,96364.0,买盘
11:14:41,3.45,0.0,109,37605.0,买盘
11:14:44,3.45,0.0,188,64854.0,买盘
11:14:48,3.44,-0.010000000000000231,146,50368.0,卖盘
11:14:51,3.45,0.010000000000000231,151,52095.0,买盘
11:14:54,3.45,0.0,12,4140.0,卖盘
11:14:57,3.46,0.009999999999999787,205,70930.0,买盘
11:15:03,3.46,0.0,329,113824.0,买盘
11:15:06,3.47,0.010000000000000231,185,64104.0,买盘
11:15:09,3.46,-0.010000000000000231,35,12110.0,卖盘
11:15:12,3.45,-0.009999999999999787,45,15529.0,卖盘
11:15:16,3.46,0.009999999999999787,10,3460.0,中性盘
11:15:19,3.46,0.0,2,692.0,卖盘
11:15:22,3.47,0.010000000000000231,44,15265.0,买盘
11:15:26,3.47,0.0,7,2427.0,买盘
11:15:29,3.47,0.0,21,7287.0,买盘
11:15:32,3.47,0.0,1,347.0,买盘
11:15:35,3.47,0.0,25,8665.0,买盘
11:15:41,3.47,0.0,5,1735.0,买盘
11:15:44,3.47,0.0,2,694.0,买盘
11:15:48,3.47,0.0,20,6940.0,买盘
11:15:54,3.47,0.0,407,140846.0,买盘
11:16:03,3.47,0.0,41,14227.0,买盘
11:16:06,3.46,-0.010000000000000231,249,86400.0,卖盘
11:16:09,3.47,0.010000000000000231,10,3470.0,买盘
11:16:12,3.46,-0.010000000000000231,2,692.0,卖盘
11:16:16,3.47,0.010000000000000231,150,52050.0,买盘
11:16:19,3.47,0.0,15,5205.0,买盘
11:16:22,3.46,-0.010000000000000231,87,30102.0,卖盘
11:16:26,3.46,0.0,17,5887.0,卖盘
11:16:29,3.47,0.010000000000000231,5,1735.0,买盘
11:16:41,3.46,-0.010000000000000231,107,37027.0,卖盘
11:16:44,3.47,0.010000000000000231,1,347.0,买盘
11:16:48,3.46,-0.010000000000000231,73,25301.0,卖盘
11:16:51,3.46,0.0,3,1038.0,卖盘
11:16:54,3.47,0.010000000000000231,46,15959.0,买盘
11:16:57,3.46,-0.010000000000000231,2,692.0,卖盘
11:17:00,3.47,0.010000000000000231,4,1388.0,买盘
11:17:06,3.47,0.0,112,38762.0,买盘
11:17:09,3.46,-0.010000000000000231,2,692.0,卖盘
11:17:13,3.47,0.010000000000000231,57,19771.0,买盘
11:17:16,3.46,-0.010000000000000231,20,6920.0,卖盘
11:17:19,3.47,0.010000000000000231,15,5205.0,买盘
11:17:26,3.46,-0.010000000000000231,6,2080.0,卖盘
11:17:29,3.47,0.010000000000000231,1,347.0,买盘
11:17:38,3.46,-0.010000000000000231,9,3114.0,卖盘
11:17:41,3.47,0.010000000000000231,31,10727.0,买盘
11:17:45,3.47,0.0,38,13150.0,买盘
11:17:48,3.47,0.0,300,104100.0,买盘
11:18:00,3.47,0.0,45,15614.0,买盘
11:18:03,3.47,0.0,159,55172.0,买盘
11:18:06,3.47,0.0,84,29147.0,买盘
11:18:10,3.47,0.0,77,26718.0,买盘
11:18:13,3.47,0.0,47,16305.0,买盘
11:18:16,3.47,0.0,45,15615.0,买盘
11:18:19,3.47,0.0,86,29842.0,买盘
11:18:22,3.47,0.0,494,171418.0,买盘
11:18:26,3.47,0.0,152,52619.0,卖盘
11:18:29,3.47,0.0,53,18391.0,买盘
11:18:32,3.47,0.0,45,15615.0,买盘
11:18:35,3.47,0.0,175,60725.0,买盘
11:18:38,3.47,0.0,43,14921.0,买盘
11:18:41,3.47,0.0,22,7634.0,卖盘
11:18:45,3.47,0.0,1,347.0,卖盘
11:18:51,3.47,0.0,1,347.0,卖盘
11:18:54,3.47,0.0,5,1735.0,卖盘
11:19:00,3.47,0.0,10,3470.0,卖盘
11:19:06,3.48,0.009999999999999787,218,75675.0,买盘
11:19:09,3.48,0.0,32,11136.0,买盘
11:19:13,3.48,0.0,337,116961.0,买盘
11:19:16,3.48,0.0,1049,365051.0,买盘
11:19:19,3.48,0.0,87,30254.0,买盘
11:19:26,3.48,0.0,247,85956.0,买盘
11:19:29,3.48,0.0,194,67512.0,买盘
11:19:32,3.48,0.0,58,20182.0,买盘
11:19:38,3.48,0.0,4168,1450464.0,买盘
11:19:41,3.47,-0.009999999999999787,144,50178.97999998927,卖盘
11:19:45,3.49,0.020000000000000018,23,8027.0,买盘
11:19:48,3.48,-0.010000000000000231,22,7659.0,卖盘
11:19:51,3.49,0.010000000000000231,209,72929.0,买盘
11:19:54,3.49,0.0,18,6282.0,买盘
11:19:57,3.49,0.0,239,83411.0,买盘
11:20:00,3.49,0.0,192,67078.0,卖盘
11:20:03,3.49,0.0,51,17823.0,卖盘
11:20:06,3.49,0.0,144,50256.0,卖盘
11:20:10,3.48,-0.010000000000000231,481,167714.0,卖盘
11:20:13,3.48,0.0,50,17447.0,中性盘
11:20:16,3.48,0.0,18,6281.0,卖盘
11:20:19,3.49,0.010000000000000231,254,88646.0,买盘
11:20:23,3.48,-0.010000000000000231,85,29600.0,卖盘
11:20:26,3.49,0.010000000000000231,65,22684.0,买盘
11:20:29,3.49,0.0,62,21637.0,买盘
11:20:32,3.49,0.0,47,16403.0,买盘
11:20:35,3.49,0.0,89,31061.0,买盘
11:20:38,3.49,0.0,192,67008.0,买盘
11:20:42,3.49,0.0,206,71894.0,买盘
11:20:45,3.49,0.0,141,49206.0,买盘
11:20:48,3.49,0.0,81,28261.0,买盘
11:20:51,3.49,0.0,86,30013.0,中性盘
11:20:54,3.49,0.0,145,50610.0,卖盘
11:20:57,3.49,0.0,762,265723.0,卖盘
11:21:00,3.49,0.0,49,17082.0,中性盘
11:21:03,3.49,0.0,27,9423.0,买盘
11:21:07,3.49,0.0,168,58632.0,卖盘
11:21:10,3.49,0.0,85,29665.0,卖盘
11:21:13,3.5,0.009999999999999787,1060,370929.0,买盘
11:21:16,3.5,0.0,302,105675.0,买盘
11:21:20,3.5,0.0,265,92743.0,买盘
11:21:23,3.49,-0.009999999999999787,252,88027.0,卖盘
11:21:26,3.5,0.009999999999999787,153,53458.0,买盘
11:21:29,3.49,-0.009999999999999787,10,3490.0,卖盘
11:21:32,3.49,0.0,242,84523.0,买盘
11:21:35,3.5,0.009999999999999787,105,36649.0,买盘
11:21:39,3.49,-0.009999999999999787,6,2094.0,卖盘
11:21:42,3.49,0.0,3030,1063089.0,卖盘
11:21:45,3.5,0.009999999999999787,13,4545.0,买盘
11:21:48,3.5,0.0,29,10150.0,买盘
11:21:51,3.5,0.0,22,7700.0,买盘
11:21:54,3.5,0.0,52,18200.0,买盘
11:21:57,3.49,-0.009999999999999787,470,164030.0,卖盘
11:22:00,3.5,0.009999999999999787,117,40861.0,买盘
11:22:04,3.49,-0.009999999999999787,140,48860.0,卖盘
11:22:07,3.5,0.009999999999999787,210,73313.0,买盘
11:22:10,3.48,-0.020000000000000018,195,67871.0,卖盘
11:22:13,3.48,0.0,788,274899.0,卖盘
11:22:20,3.48,0.0,412,143376.0,卖盘
11:22:23,3.48,0.0,149,51852.0,买盘
11:22:26,3.48,0.0,60,20880.0,买盘
11:22:29,3.48,0.0,51,17748.0,买盘
11:22:32,3.48,0.0,111,38567.0,买盘
11:22:36,3.48,0.0,24,8352.0,买盘
11:22:39,3.48,0.0,44,15312.0,买盘
11:22:42,3.48,0.0,309,107531.0,买盘
11:22:45,3.48,0.0,184,64032.0,买盘
11:22:48,3.48,0.0,165,57420.0,买盘
11:22:51,3.48,0.0,72,25056.0,卖盘
11:22:54,3.48,0.0,24,8352.0,买盘
11:22:57,3.48,0.0,158,54896.0,卖盘
11:23:01,3.48,0.0,197,68556.0,卖盘
11:23:04,3.48,0.0,51,17748.0,买盘
11:23:07,3.48,0.0,201,69948.0,买盘
11:23:10,3.48,0.0,9,3132.0,卖盘
11:23:14,3.49,0.010000000000000231,2,698.0,买盘
11:23:17,3.49,0.0,5,1745.0,买盘
11:23:20,3.49,0.0,17,5933.0,买盘
11:23:23,3.49,0.0,53,18497.0,买盘
11:23:26,3.49,0.0,5,1745.0,买盘
11:23:29,3.49,0.0,21,7329.0,买盘
11:23:39,3.49,0.0,6,2094.0,买盘
11:23:45,3.49,0.0,1,349.0,买盘
11:23:48,3.49,0.0,51,17799.0,买盘
11:23:51,3.49,0.0,107,37343.0,买盘
11:23:54,3.49,0.0,17,5933.0,买盘
11:24:01,3.49,0.0,13,4537.0,买盘
11:24:17,3.48,-0.010000000000000231,206,71738.0,卖盘
11:24:20,3.48,0.0,82,28551.0,卖盘
11:24:23,3.48,0.0,274,95367.0,卖盘
11:24:26,3.48,0.0,226,78648.0,买盘
11:24:30,3.49,0.010000000000000231,143,49793.0,买盘
11:24:36,3.48,-0.010000000000000231,108,37584.0,卖盘
11:24:39,3.49,0.010000000000000231,525,183220.0,买盘
11:24:42,3.48,-0.010000000000000231,285,99376.0,卖盘
11:24:45,3.48,0.0,1,348.0,卖盘
11:24:48,3.49,0.010000000000000231,8,2785.0,买盘
11:24:51,3.49,0.0,84,29316.0,买盘
11:24:55,3.49,0.0,125,43625.0,买盘
11:24:58,3.49,0.0,320,111464.0,买盘
11:25:01,3.49,0.0,120,41880.0,买盘
11:25:04,3.49,0.0,15,5235.0,卖盘
11:25:08,3.49,0.0,76,26524.0,卖盘
11:25:11,3.49,0.0,4,1396.0,买盘
11:25:17,3.48,-0.010000000000000231,112,39012.0,卖盘
11:25:20,3.49,0.010000000000000231,94,32806.0,买盘
11:25:23,3.49,0.0,180,62643.0,中性盘
11:25:27,3.5,0.009999999999999787,42,14625.0,买盘
11:25:30,3.49,-0.009999999999999787,141,48929.0,中性盘
11:25:33,3.48,-0.010000000000000231,81,28188.0,卖盘
11:25:36,3.48,0.0,23,8004.0,卖盘
11:25:39,3.48,0.0,82,28536.0,买盘
11:25:42,3.49,0.010000000000000231,125,43511.0,买盘
11:25:45,3.49,0.0,6,2093.0,买盘
11:25:51,3.49,0.0,25,8725.0,买盘
11:25:55,3.49,0.0,86,30014.0,买盘
11:25:58,3.49,0.0,92,32108.0,买盘
11:26:01,3.48,-0.010000000000000231,603,209844.0,卖盘
11:26:04,3.48,0.0,128,44669.0,卖盘
11:26:08,3.49,0.010000000000000231,270,94149.0,买盘
11:26:11,3.49,0.0,243,84807.0,卖盘
11:26:14,3.49,0.0,66,23034.0,卖盘
11:26:17,3.49,0.0,54,18846.0,卖盘
11:26:20,3.5,0.009999999999999787,5,1747.0,买盘
11:26:27,3.5,0.0,6,2100.0,买盘
11:26:30,3.5,0.0,1,350.0,买盘
11:26:36,3.5,0.0,29,10150.0,买盘
11:26:42,3.49,-0.009999999999999787,5,1748.0,卖盘
11:26:45,3.5,0.009999999999999787,44,15398.0,买盘
11:26:52,3.49,-0.009999999999999787,5,1745.0,卖盘
11:26:58,3.49,0.0,3,1047.0,卖盘
11:27:01,3.49,0.0,1232,429969.0,卖盘
11:27:05,3.49,0.0,23,8027.0,买盘
11:27:11,3.48,-0.010000000000000231,12,4176.0,卖盘
11:27:14,3.48,0.0,54,18792.0,卖盘
11:27:17,3.49,0.010000000000000231,86,29937.0,买盘
11:27:20,3.48,-0.010000000000000231,54,18792.0,卖盘
11:27:23,3.48,0.0,43,14964.0,卖盘
11:27:27,3.49,0.010000000000000231,23,8024.0,买盘
11:27:30,3.48,-0.010000000000000231,10,3487.0,卖盘
11:27:33,3.48,0.0,10,3480.0,卖盘
11:27:42,3.48,0.0,493,172056.0,卖盘
11:27:58,3.49,0.010000000000000231,50,17450.0,买盘
11:28:02,3.48,-0.010000000000000231,91,31669.0,卖盘
11:28:05,3.49,0.010000000000000231,109,38039.0,买盘
11:28:08,3.48,-0.010000000000000231,129,44892.0,卖盘
11:28:11,3.49,0.010000000000000231,91,31698.0,买盘
11:28:14,3.49,0.0,34,11838.0,买盘
11:28:17,3.48,-0.010000000000000231,99,34452.0,卖盘
11:28:21,3.48,0.0,117,40671.0,中性盘
11:28:24,3.49,0.010000000000000231,32,11168.0,买盘
11:28:30,3.47,-0.020000000000000018,3,1044.0,卖盘
11:28:36,3.49,0.020000000000000018,38,13262.0,买盘
11:28:46,3.49,0.0,44,15354.0,买盘
11:28:52,3.49,0.0,8,2792.0,买盘
11:28:55,3.48,-0.010000000000000231,58,20166.0,中性盘
11:28:59,3.49,0.010000000000000231,704,245696.0,买盘
11:29:05,3.48,-0.010000000000000231,39,13575.0,中性盘
11:29:08,3.47,-0.009999999999999787,144,50069.0,卖盘
11:29:11,3.48,0.009999999999999787,5,1740.0,中性盘
11:29:14,3.47,-0.009999999999999787,59,20530.0,卖盘
11:29:18,3.47,0.0,11,3826.0,卖盘
11:29:24,3.47,0.0,2,694.0,卖盘
11:29:27,3.47,0.0,9,3123.0,卖盘
11:29:30,3.49,0.020000000000000018,387,135043.0,买盘
11:29:33,3.49,0.0,1,349.0,买盘
11:29:39,3.49,0.0,8,2792.0,买盘
11:29:43,3.49,0.0,1,349.0,买盘
11:29:46,3.49,0.0,14,4886.0,买盘
11:29:55,3.48,-0.010000000000000231,2,696.0,卖盘
11:30:00,3.48,0.0,41,14268.0,卖盘
13:00:03,3.49,0.010000000000000231,992,345706.0,买盘
13:00:06,3.55,0.05999999999999961,23684,8352663.0,买盘
13:00:09,3.56,0.010000000000000231,534,189696.0,买盘
13:00:12,3.56,0.0,3314,1179107.0,买盘
13:00:15,3.56,0.0,497,176585.0,买盘
13:00:18,3.57,0.009999999999999787,2072,737637.0,买盘
13:00:21,3.56,-0.009999999999999787,2593,925401.0,中性盘
13:00:24,3.56,0.0,297,105875.0,卖盘
13:00:28,3.57,0.009999999999999787,126,44892.0,买盘
13:00:31,3.57,0.0,857,305883.0,买盘
13:00:34,3.57,0.0,1281,457007.0,买盘
13:00:38,3.56,-0.009999999999999787,112,39974.0,买盘
13:00:41,3.56,0.0,315,112082.0,买盘
13:00:44,3.51,-0.050000000000000266,13262,4707557.0,卖盘
13:00:47,3.54,0.03000000000000025,1760,623384.0,买盘
13:00:50,3.53,-0.010000000000000231,122,42948.0,买盘
13:00:53,3.53,0.0,52,18385.0,买盘
13:00:57,3.54,0.010000000000000231,80,28320.0,买盘
13:01:00,3.53,-0.010000000000000231,257,90759.0,卖盘
13:01:03,3.53,0.0,847,299325.0,中性盘
13:01:06,3.52,-0.009999999999999787,732,257667.0,卖盘
13:01:09,3.52,0.0,159,55968.0,买盘
13:01:12,3.52,0.0,603,211801.0,买盘
13:01:15,3.52,0.0,72,25344.0,买盘
13:01:18,3.53,0.009999999999999787,291,102461.0,买盘
13:01:21,3.52,-0.009999999999999787,77,27104.0,卖盘
13:01:25,3.52,0.0,100,35200.0,卖盘
13:01:28,3.53,0.009999999999999787,6,2118.0,买盘
13:01:31,3.53,0.0,81,28593.0,买盘
13:01:35,3.53,0.0,603,212257.0,买盘
13:01:38,3.52,-0.009999999999999787,10,3520.0,卖盘
13:01:41,3.53,0.009999999999999787,212,74836.0,买盘
13:01:44,3.53,0.0,907,320171.0,买盘
13:01:47,3.53,0.0,240,84720.0,买盘
13:01:50,3.53,0.0,57,20121.0,买盘
13:01:54,3.53,0.0,127,44831.0,卖盘
13:01:57,3.53,0.0,20,7060.0,买盘
13:02:00,3.52,-0.009999999999999787,2960,1041920.0,卖盘
13:02:03,3.52,0.0,41,14432.0,买盘
13:02:06,3.52,0.0,108,38016.0,买盘
13:02:09,3.51,-0.010000000000000231,228,80136.0,卖盘
13:02:12,3.51,0.0,3,1053.0,买盘
13:02:15,3.51,0.0,107,37557.0,买盘
13:02:22,3.5,-0.009999999999999787,9,3151.0,卖盘
13:02:25,3.5,0.0,140,49024.0,卖盘
13:02:28,3.51,0.009999999999999787,25,8752.0,买盘
13:02:35,3.51,0.0,180,63033.0,买盘
13:02:38,3.5,-0.009999999999999787,267,93463.0,卖盘
13:02:41,3.5,0.0,30,10500.0,卖盘
13:02:44,3.5,0.0,114,39915.0,卖盘
13:02:47,3.5,0.0,15,5250.0,卖盘
13:02:50,3.5,0.0,57,19950.0,卖盘
13:02:54,3.5,0.0,143,50160.0,卖盘
13:02:57,3.51,0.009999999999999787,51,17901.0,买盘
13:03:00,3.5,-0.009999999999999787,4,1400.0,卖盘
13:03:03,3.51,0.009999999999999787,31,10864.0,买盘
13:03:09,3.51,0.0,279,97911.0,买盘
13:03:12,3.51,0.0,654,229554.0,买盘
13:03:15,3.51,0.0,3,1053.0,卖盘
13:03:18,3.51,0.0,6,2106.0,卖盘
13:03:22,3.5,-0.009999999999999787,438,153758.0,卖盘
13:03:25,3.51,0.009999999999999787,29,10179.0,买盘
13:03:28,3.51,0.0,7,2457.0,买盘
13:03:32,3.51,0.0,60,21060.0,买盘
13:03:35,3.51,0.0,97,34047.0,买盘
13:03:38,3.51,0.0,94,32994.0,买盘
13:03:44,3.51,0.0,58,20358.0,买盘
13:03:47,3.51,0.0,70,24570.0,买盘
13:03:54,3.51,0.0,532,186732.0,买盘
13:03:57,3.51,0.0,76,26676.0,买盘
13:04:00,3.51,0.0,25,8775.0,买盘
13:04:03,3.52,0.010000000000000231,269,94478.0,买盘
13:04:06,3.51,-0.010000000000000231,10,3510.0,卖盘
13:04:09,3.52,0.010000000000000231,31,10902.0,买盘
13:04:15,3.52,0.0,9,3168.0,买盘
13:04:19,3.52,0.0,38,13364.0,买盘
13:04:22,3.52,0.0,164,57728.0,买盘
13:04:25,3.51,-0.010000000000000231,287,100854.0,卖盘
13:04:29,3.52,0.010000000000000231,52,18304.0,买盘
13:04:32,3.52,0.0,12,4224.0,买盘
13:04:35,3.52,0.0,139,48928.0,买盘
13:04:38,3.52,0.0,77,27102.0,买盘
13:04:41,3.51,-0.010000000000000231,57,20008.0,卖盘
13:04:45,3.52,0.010000000000000231,1790,630080.0,买盘
13:04:48,3.52,0.0,70,24640.0,卖盘
13:04:51,3.52,0.0,4,1408.0,卖盘
13:04:54,3.53,0.009999999999999787,490,172940.0,买盘
13:04:57,3.53,0.0,17,6001.0,卖盘
13:05:00,3.53,0.0,73,25822.0,卖盘
13:05:03,3.54,0.010000000000000231,110,38839.0,买盘
13:05:06,3.54,0.0,155,54860.0,买盘
13:05:09,3.53,-0.010000000000000231,73,25769.0,卖盘
13:05:12,3.54,0.010000000000000231,585,207082.0,买盘
13:05:16,3.54,0.0,166,58694.0,卖盘
13:05:19,3.54,0.0,508,179425.0,买盘
13:05:23,3.54,0.0,29,10266.0,买盘
13:05:26,3.53,-0.010000000000000231,180,63622.0,卖盘
13:05:29,3.53,0.0,62,21892.0,买盘
13:05:32,3.53,0.0,213,75189.0,卖盘
13:05:35,3.53,0.0,290,102118.0,买盘
13:05:38,3.53,0.0,337,118971.0,卖盘
13:05:42,3.54,0.010000000000000231,197,69637.0,买盘
13:05:45,3.53,-0.010000000000000231,57,20121.0,买盘
13:05:48,3.53,0.0,84,29652.0,买盘
13:05:51,3.54,0.010000000000000231,86,30359.0,买盘
13:05:54,3.53,-0.010000000000000231,138,48714.0,卖盘
13:05:57,3.54,0.010000000000000231,409,144380.0,买盘
13:06:00,3.54,0.0,408,144387.0,买盘
13:06:03,3.53,-0.010000000000000231,362,127923.0,卖盘
13:06:06,3.54,0.010000000000000231,199,70249.0,买盘
13:06:09,3.54,0.0,148,52291.0,买盘
13:06:13,3.53,-0.010000000000000231,30,10600.0,卖盘
13:06:16,3.54,0.010000000000000231,199,70441.0,买盘
13:06:19,3.53,-0.010000000000000231,328,115787.0,卖盘
13:06:23,3.53,0.0,479,169087.0,买盘
13:06:26,3.53,0.0,32,11296.0,买盘
13:06:29,3.53,0.0,10,3530.0,买盘
13:06:32,3.52,-0.009999999999999787,56,19717.0,卖盘
13:06:35,3.53,0.009999999999999787,70,24710.0,买盘
13:06:38,3.52,-0.009999999999999787,25,8800.0,卖盘
13:06:42,3.53,0.009999999999999787,51,18003.0,买盘
13:06:45,3.53,0.0,40,14120.0,买盘
13:06:51,3.52,-0.009999999999999787,390,137580.0,卖盘
13:06:54,3.53,0.009999999999999787,224,79062.0,买盘
13:06:57,3.52,-0.009999999999999787,1194,420298.0,卖盘
13:07:00,3.53,0.009999999999999787,726,256268.0,买盘
13:07:03,3.52,-0.009999999999999787,62,21824.0,卖盘
13:07:07,3.52,0.0,108,38016.0,卖盘
13:07:10,3.51,-0.010000000000000231,10,3510.0,卖盘
13:07:20,3.51,0.0,115,40365.0,卖盘
13:07:23,3.52,0.010000000000000231,48,16851.0,买盘
13:07:26,3.52,0.0,6,2112.0,买盘
13:07:29,3.51,-0.010000000000000231,310,108841.0,卖盘
13:07:32,3.51,0.0,135,47385.0,买盘
13:07:36,3.51,0.0,49,17199.0,买盘
13:07:39,3.51,0.0,88,30888.0,买盘
13:07:42,3.52,0.010000000000000231,14,4928.0,买盘
13:07:45,3.51,-0.010000000000000231,73,25623.0,卖盘
13:07:48,3.51,0.0,23,8083.0,卖盘
13:07:51,3.51,0.0,2,702.0,卖盘
13:07:54,3.52,0.010000000000000231,20,7040.0,买盘
13:07:57,3.51,-0.010000000000000231,44,15446.0,卖盘
13:08:00,3.51,0.0,93,32723.0,卖盘
13:08:04,3.51,0.0,105,36855.0,卖盘
13:08:07,3.52,0.010000000000000231,310,109120.0,买盘
13:08:10,3.51,-0.010000000000000231,10,3510.0,卖盘
13:08:14,3.52,0.010000000000000231,1,352.0,买盘
13:08:17,3.52,0.0,136,47746.0,买盘
13:08:20,3.51,-0.010000000000000231,44,15444.0,卖盘
13:08:23,3.52,0.010000000000000231,680,239360.0,买盘
13:08:26,3.52,0.0,54,19008.0,买盘
13:08:29,3.52,0.0,31,10912.0,买盘
13:08:33,3.52,0.0,71,24992.0,买盘
13:08:36,3.52,0.0,4,1408.0,买盘
13:08:39,3.51,-0.010000000000000231,572,200871.0,卖盘
13:08:45,3.52,0.010000000000000231,36,12662.0,买盘
13:08:48,3.52,0.0,116,40832.0,买盘
13:08:51,3.52,0.0,11,3872.0,买盘
13:08:58,3.52,0.0,30,10560.0,卖盘
13:09:01,3.52,0.0,834,294284.0,卖盘
13:09:04,3.52,0.0,60,21120.0,卖盘
13:09:07,3.52,0.0,30,10560.0,卖盘
13:09:11,3.53,0.009999999999999787,110,38830.0,买盘
13:09:14,3.53,0.0,1,353.0,买盘
13:09:17,3.53,0.0,13,4579.0,买盘
13:09:20,3.53,0.0,98,34594.0,买盘
13:09:23,3.53,0.0,281,99193.0,买盘
13:09:26,3.53,0.0,84,29652.0,卖盘
13:09:30,3.53,0.0,116,40948.0,卖盘
13:09:33,3.53,0.0,192,67958.0,卖盘
13:09:36,3.53,0.0,566,200298.0,卖盘
13:09:39,3.53,0.0,130,45890.0,卖盘
13:09:42,3.53,0.0,333,117875.0,卖盘
13:09:45,3.54,0.010000000000000231,762,269570.0,买盘
13:09:51,3.55,0.009999999999999787,3062,1087164.0,买盘
13:09:54,3.56,0.010000000000000231,87,30902.0,买盘
13:09:58,3.57,0.009999999999999787,1033,367747.0,买盘
13:10:01,3.56,-0.009999999999999787,19,6764.0,卖盘
13:10:04,3.56,0.0,196,69776.0,卖盘
13:10:08,3.57,0.009999999999999787,2806,1000963.0,买盘
13:10:11,3.56,-0.009999999999999787,50,17800.0,卖盘
13:10:14,3.57,0.009999999999999787,980,349399.0,买盘
13:10:17,3.57,0.0,673,240160.0,买盘
13:10:20,3.56,-0.009999999999999787,116,41356.0,卖盘
13:10:23,3.57,0.009999999999999787,771,275244.0,买盘
13:10:27,3.57,0.0,320,114138.0,买盘
13:10:30,3.57,0.0,118,42042.0,买盘
13:10:33,3.56,-0.009999999999999787,645,229670.0,卖盘
13:10:36,3.56,0.0,123,43788.0,买盘
13:10:39,3.56,0.0,225,80099.0,买盘
13:10:42,3.56,0.0,503,179087.0,买盘
13:10:45,3.56,0.0,184,65504.0,卖盘
13:10:48,3.56,0.0,139,49484.0,卖盘
13:10:52,3.56,0.0,1200,427200.0,卖盘
13:10:55,3.56,0.0,198,70601.0,卖盘
13:10:58,3.56,0.0,272,96850.0,卖盘
13:11:01,3.56,0.0,324,115362.0,卖盘
13:11:05,3.56,0.0,248,88288.0,卖盘
13:11:08,3.56,0.0,82,29192.0,买盘
13:11:11,3.55,-0.010000000000000231,874,310518.0,卖盘
13:11:14,3.56,0.010000000000000231,264,93836.0,买盘
13:11:17,3.56,0.0,44,15626.0,买盘
13:11:21,3.56,0.0,576,205053.0,买盘
13:11:24,3.56,0.0,285,101360.0,买盘
13:11:27,3.56,0.0,222,79017.0,买盘
13:11:30,3.55,-0.010000000000000231,152,54104.0,卖盘
13:11:33,3.55,0.0,164,58356.0,卖盘
13:11:36,3.55,0.0,156,55482.0,卖盘
13:11:39,3.55,0.0,133,47215.0,卖盘
13:11:42,3.56,0.010000000000000231,104,36940.0,买盘
13:11:45,3.55,-0.010000000000000231,406,144161.0,卖盘
13:11:49,3.55,0.0,415,147409.0,卖盘
13:11:52,3.55,0.0,106,37703.0,卖盘
13:11:55,3.55,0.0,665,236705.0,卖盘
13:11:59,3.55,0.0,206,73130.0,卖盘
13:12:02,3.55,0.0,309,109696.0,买盘
13:12:05,3.55,0.0,6,2130.0,买盘
13:12:08,3.54,-0.009999999999999787,51,18078.0,卖盘
13:12:11,3.55,0.009999999999999787,117,41535.0,买盘
13:12:14,3.55,0.0,32,11358.0,买盘
13:12:18,3.55,0.0,472,167560.0,买盘
13:12:21,3.55,0.0,463,164171.0,卖盘
13:12:24,3.55,0.0,246,87310.0,买盘
13:12:27,3.55,0.0,64,22720.0,买盘
13:12:30,3.54,-0.009999999999999787,303,107476.0,卖盘
13:12:33,3.55,0.009999999999999787,85,30175.0,买盘
13:12:36,3.55,0.0,560,198790.0,买盘
13:12:39,3.55,0.0,88,31250.0,卖盘
13:12:42,3.56,0.010000000000000231,5851,2084213.0,买盘
13:12:45,3.57,0.009999999999999787,407,144914.0,买盘
13:12:49,3.57,0.0,17,6062.0,买盘
13:12:52,3.57,0.0,95,33905.0,买盘
13:12:56,3.57,0.0,1158,413387.0,买盘
13:12:59,3.58,0.010000000000000231,5370,1921927.0,买盘
13:13:02,3.58,0.0,382,136941.0,卖盘
13:13:05,3.59,0.009999999999999787,1409,505557.0,买盘
13:13:08,3.59,0.0,1493,535961.0,买盘
13:13:11,3.58,-0.009999999999999787,2059,737986.0,卖盘
13:13:15,3.57,-0.010000000000000231,10930,3931317.0,卖盘
13:13:18,3.58,0.010000000000000231,172,61750.0,中性盘
13:13:21,3.58,0.0,551,197793.0,卖盘
13:13:24,3.58,0.0,305,109391.0,卖盘
13:13:27,3.59,0.009999999999999787,8831,3194836.0,买盘
13:13:30,3.61,0.020000000000000018,635,229013.0,买盘
13:13:33,3.61,0.0,46,16636.0,中性盘
13:13:36,3.62,0.010000000000000231,290,105060.0,中性盘
13:13:40,3.62,0.0,205,74322.0,卖盘
13:13:43,3.64,0.020000000000000018,172,62536.0,买盘
13:13:46,3.63,-0.010000000000000231,718,260758.0,卖盘
13:13:49,3.62,-0.009999999999999787,537,194763.0,卖盘
13:13:53,3.63,0.009999999999999787,527,191292.0,买盘
13:13:56,3.63,0.0,1408,511242.0,买盘
13:13:59,3.63,0.0,1367,496513.0,卖盘
13:14:02,3.64,0.010000000000000231,1150,418220.0,买盘
13:14:05,3.65,0.009999999999999787,2141,779074.0,买盘
13:14:09,3.64,-0.009999999999999787,870,316664.0,卖盘
13:14:12,3.64,0.0,366,133395.0,买盘
13:14:15,3.64,0.0,259,94286.0,卖盘
13:14:18,3.64,0.0,1668,608348.0,卖盘
13:14:21,3.64,0.0,1028,374901.0,卖盘
13:14:24,3.64,0.0,729,265758.0,卖盘
13:14:27,3.65,0.009999999999999787,1324,483147.0,买盘
13:14:30,3.65,0.0,635,231742.0,买盘
13:14:33,3.65,0.0,662,241510.0,买盘
13:14:37,3.65,0.0,764,278659.0,买盘
13:14:40,3.64,-0.009999999999999787,586,213899.24000000954,卖盘
13:14:43,3.65,0.009999999999999787,340,124100.0,买盘
13:14:47,3.65,0.0,815,297498.0,卖盘
13:14:50,3.64,-0.009999999999999787,1423,518499.0,卖盘
13:14:53,3.63,-0.010000000000000231,251,91430.0,卖盘
13:14:56,3.64,0.010000000000000231,504,183295.0,中性盘
13:14:59,3.64,0.0,2772,1011362.0,卖盘
13:15:02,3.63,-0.010000000000000231,573,208578.0,卖盘
13:15:05,3.63,0.0,1755,639226.0,卖盘
13:15:09,3.64,0.010000000000000231,1422,516902.0,买盘
13:15:12,3.64,0.0,325,118385.0,卖盘
13:15:15,3.65,0.009999999999999787,3696,1348964.0,买盘
13:15:18,3.65,0.0,3247,1186276.0,卖盘
13:15:21,3.65,0.0,11404,4200194.959999979,卖盘
13:15:24,3.66,0.010000000000000231,219,80237.0,中性盘
13:15:27,3.66,0.0,436,160338.0,卖盘
13:15:30,3.68,0.020000000000000018,84,30861.0,买盘
13:15:34,3.68,0.0,246,90456.0,买盘
13:15:37,3.69,0.009999999999999787,180,66385.0,买盘
13:15:40,3.69,0.0,536,197761.0,买盘
13:15:44,3.69,0.0,2210,816329.0,买盘
13:15:47,3.69,0.0,715,264168.0,卖盘
13:15:50,3.69,0.0,865,319533.0,卖盘
13:15:53,3.7,0.010000000000000231,1399,517838.24000000954,买盘
13:15:56,3.7,0.0,2352,869004.0,卖盘
13:15:59,3.71,0.009999999999999787,1214,449018.0,买盘
13:16:03,3.71,0.0,683,253026.0,买盘
13:16:06,3.71,0.0,450,166837.0,买盘
13:16:09,3.71,0.0,1268,471364.96000003815,买盘
13:16:12,3.72,0.010000000000000231,4066,1515742.0,买盘
13:16:15,3.72,0.0,1222,455831.0,卖盘
13:16:18,3.72,0.0,2475,926440.0,卖盘
13:16:21,3.72,0.0,870,324747.0,卖盘
13:16:24,3.73,0.009999999999999787,1422,530412.0,中性盘
13:16:28,3.73,0.0,912,340490.0,卖盘
13:16:31,3.72,-0.009999999999999787,2129,794794.0,卖盘
13:16:34,3.72,0.0,1187,442749.0,卖盘
13:16:38,3.73,0.009999999999999787,1017,377847.0,买盘
13:16:41,3.73,0.0,615,229044.0,买盘
13:16:44,3.7,-0.029999999999999805,1155,429125.0,卖盘
13:16:47,3.7,0.0,938,348615.0,买盘
13:16:50,3.71,0.009999999999999787,1186,438069.0,买盘
13:16:53,3.69,-0.020000000000000018,1343,497149.0,卖盘
13:16:56,3.69,0.0,3052,1129041.0,买盘
13:17:00,3.7,0.010000000000000231,978,361070.0,中性盘
13:17:03,3.69,-0.010000000000000231,201,74194.0,卖盘
13:17:06,3.67,-0.020000000000000018,459,168994.0,卖盘
13:17:09,3.68,0.010000000000000231,1119,412988.87999999523,中性盘
13:17:12,3.66,-0.020000000000000018,962,353925.95999997854,卖盘
13:17:15,3.66,0.0,145,53055.0,卖盘
13:17:18,3.66,0.0,163,59711.0,卖盘
13:17:22,3.66,0.0,60,21960.0,买盘
13:17:25,3.65,-0.010000000000000231,150,54816.0,卖盘
13:17:28,3.66,0.010000000000000231,334,121952.0,买盘
13:17:32,3.65,-0.010000000000000231,314,114731.0,卖盘
13:17:35,3.66,0.010000000000000231,274,100029.0,买盘
13:17:38,3.65,-0.010000000000000231,761,277746.0,卖盘
13:17:41,3.65,0.0,1738,634370.0,买盘
13:17:44,3.65,0.0,404,147334.0,买盘
13:17:47,3.65,0.0,367,133914.0,买盘
13:17:51,3.64,-0.009999999999999787,994,362763.0,卖盘
13:17:54,3.65,0.009999999999999787,315,114974.0,买盘
13:17:57,3.64,-0.009999999999999787,285,103824.0,卖盘
13:18:00,3.64,0.0,811,295866.0,卖盘
13:18:03,3.65,0.009999999999999787,375,136757.0,买盘
13:18:06,3.65,0.0,2149,783924.0,买盘
13:18:09,3.65,0.0,146,53290.0,卖盘
13:18:12,3.66,0.010000000000000231,559,204092.0,买盘
13:18:15,3.64,-0.020000000000000018,4261,1553283.0,卖盘
13:18:19,3.65,0.009999999999999787,815,296795.0,买盘
13:18:22,3.65,0.0,95,34683.0,买盘
13:18:25,3.66,0.010000000000000231,297,108526.0,买盘
13:18:29,3.66,0.0,142,51837.0,买盘
13:18:32,3.66,0.0,1915,701138.5,买盘
13:18:35,3.66,0.0,99,36234.0,卖盘
13:18:38,3.66,0.0,183,67204.5,卖盘
13:18:41,3.67,0.009999999999999787,556,204095.0,卖盘
13:18:44,3.67,0.0,530,194674.0,卖盘
13:18:47,3.67,0.0,477,174887.0,卖盘
13:18:51,3.67,0.0,411,151045.0,中性盘
13:18:54,3.67,0.0,455,167306.0,卖盘
13:18:57,3.67,0.0,763,280287.0,卖盘
13:19:00,3.68,0.010000000000000231,2832,1041750.0,买盘
13:19:03,3.68,0.0,331,121656.0,买盘
13:19:06,3.67,-0.010000000000000231,316,116324.5,卖盘
13:19:09,3.66,-0.009999999999999787,543,199775.5,卖盘
13:19:12,3.66,0.0,285,104408.0,卖盘
13:19:16,3.67,0.009999999999999787,244,89430.0,买盘
13:19:19,3.68,0.010000000000000231,998,366076.5,买盘
13:19:22,3.66,-0.020000000000000018,732,268771.0,卖盘
13:19:26,3.67,0.009999999999999787,414,151557.0,买盘
13:19:29,3.67,0.0,222,81666.0,卖盘
13:19:32,3.68,0.010000000000000231,18,6608.0,买盘
13:19:35,3.68,0.0,87,31959.0,买盘
13:19:38,3.67,-0.010000000000000231,150,55135.0,卖盘
13:19:41,3.67,0.0,567,208189.0,卖盘
13:19:45,3.67,0.0,2115,774169.0,买盘
13:19:48,3.67,0.0,22,8074.0,买盘
13:19:51,3.67,0.0,320,116997.0,买盘
13:19:54,3.65,-0.020000000000000018,66,24126.0,卖盘
13:19:57,3.65,0.0,592,217060.0,卖盘
13:20:00,3.66,0.010000000000000231,914,333850.0,买盘
13:20:03,3.65,-0.010000000000000231,353,128912.0,卖盘
13:20:06,3.65,0.0,859,313582.0,卖盘
13:20:09,3.63,-0.020000000000000018,1554,564753.0,卖盘
13:20:13,3.64,0.010000000000000231,584,212197.0,买盘
13:20:16,3.63,-0.010000000000000231,7,2551.0,卖盘
13:20:19,3.63,0.0,21,7623.0,买盘
13:20:23,3.63,0.0,14,5081.0,买盘
13:20:26,3.63,0.0,61,22143.0,买盘
13:20:29,3.62,-0.009999999999999787,60,21730.0,卖盘
13:20:32,3.62,0.0,445,161190.0,卖盘
13:20:35,3.63,0.009999999999999787,156,56590.0,买盘
13:20:38,3.63,0.0,1073,389499.0,买盘
13:20:42,3.63,0.0,156,56628.0,卖盘
13:20:45,3.63,0.0,98,35578.0,卖盘
13:20:48,3.63,0.0,612,222322.0,卖盘
13:20:51,3.64,0.010000000000000231,249,90636.0,买盘
13:20:54,3.61,-0.03000000000000025,2033,735212.0,卖盘
13:20:57,3.61,0.0,245,88445.0,买盘
13:21:00,3.64,0.03000000000000025,595,215870.0,买盘
13:21:03,3.61,-0.03000000000000025,213,76893.0,卖盘
13:21:07,3.64,0.03000000000000025,217,78953.0,买盘
13:21:10,3.64,0.0,2,728.0,卖盘
13:21:13,3.62,-0.020000000000000018,67,24309.0,卖盘
13:21:17,3.62,0.0,92,33357.0,卖盘
13:21:20,3.63,0.009999999999999787,505,183249.0,买盘
13:21:23,3.62,-0.009999999999999787,241,87242.0,卖盘
13:21:26,3.62,0.0,132,47784.0,卖盘
13:21:29,3.62,0.0,96,34776.0,卖盘
13:21:32,3.62,0.0,147,53256.0,卖盘
13:21:36,3.63,0.009999999999999787,115,41679.0,买盘
13:21:39,3.62,-0.009999999999999787,452,163494.0,卖盘
13:21:42,3.62,0.0,694,251228.0,买盘
13:21:45,3.63,0.009999999999999787,33,11958.0,买盘
13:21:51,3.63,0.009999999999999787,1132,409897.0,买盘
13:21:54,3.62,-0.009999999999999787,525,190055.0,卖盘
13:21:57,3.62,0.0,531,192312.0,卖盘
13:22:00,3.61,-0.010000000000000231,274,98975.0,卖盘
13:22:04,3.62,0.010000000000000231,1920,693304.0,买盘
13:22:07,3.61,-0.010000000000000231,191,68954.0,卖盘
13:22:10,3.61,0.0,210,75807.0,买盘
13:22:14,3.62,0.010000000000000231,780,281600.0,买盘
13:22:17,3.61,-0.010000000000000231,100,36100.0,卖盘
13:22:20,3.62,0.010000000000000231,343,123846.0,买盘
13:22:23,3.62,0.0,672,243214.0,买盘
13:22:26,3.63,0.009999999999999787,260,94121.0,买盘
13:22:29,3.62,-0.009999999999999787,196,70952.0,卖盘
13:22:32,3.62,0.0,106,38372.0,卖盘
13:22:36,3.61,-0.010000000000000231,59,21348.0,卖盘
13:22:39,3.62,0.010000000000000231,5,1810.0,买盘
13:22:42,3.62,0.0,1169,423172.0,买盘
13:22:45,3.62,0.0,58,20993.0,卖盘
13:22:48,3.62,0.0,199,72034.0,买盘
13:22:51,3.62,0.0,71,25702.0,卖盘
13:22:54,3.62,0.0,55,19900.0,买盘
13:22:57,3.62,0.0,554,200548.0,买盘
13:23:01,3.62,0.0,73,26426.0,买盘
13:23:04,3.62,0.0,83,29992.0,买盘
13:23:07,3.62,0.0,120,43435.0,买盘
13:23:11,3.61,-0.010000000000000231,269,97185.0,卖盘
13:23:14,3.62,0.010000000000000231,1258,455396.0,买盘
13:23:17,3.62,0.0,146,52851.0,买盘
13:23:20,3.62,0.0,185,66970.0,买盘
13:23:23,3.62,0.0,176,63614.0,买盘
13:23:26,3.62,0.0,308,111525.0,买盘
13:23:30,3.63,0.009999999999999787,447,161942.0,买盘
13:23:33,3.62,-0.009999999999999787,76,27522.0,卖盘
13:23:36,3.62,0.0,85,30770.0,买盘
13:23:39,3.62,0.0,148,53659.0,卖盘
13:23:42,3.62,0.0,67,24254.0,卖盘
13:23:45,3.62,0.0,1014,367869.0,卖盘
13:23:48,3.63,0.009999999999999787,41,14880.0,买盘
13:23:51,3.63,0.0,157,56891.0,买盘
13:23:55,3.63,0.0,78,28314.0,买盘
13:23:58,3.63,0.0,67,24326.0,卖盘
13:24:01,3.63,0.0,183,66457.0,卖盘
13:24:04,3.63,0.0,896,325259.0,卖盘
13:24:08,3.63,0.0,442,160834.0,卖盘
13:24:11,3.63,0.0,346,125959.0,卖盘
13:24:14,3.64,0.010000000000000231,99,35987.0,买盘
13:24:17,3.64,0.0,379,137855.0,买盘
13:24:21,3.64,0.0,358,130082.0,买盘
13:24:24,3.65,0.009999999999999787,596,216894.0,买盘
13:24:27,3.63,-0.020000000000000018,421,153067.0,卖盘
13:24:30,3.64,0.010000000000000231,1125,409494.0,买盘
13:24:33,3.65,0.009999999999999787,250,91250.0,买盘
13:24:36,3.65,0.0,60,21878.0,买盘
13:24:39,3.65,0.0,108,39391.0,买盘
13:24:42,3.65,0.0,228,83215.0,买盘
13:24:46,3.64,-0.009999999999999787,1463,532563.0,卖盘
13:24:49,3.64,0.0,293,106901.0,买盘
13:24:52,3.64,0.0,228,83062.0,卖盘
13:24:55,3.64,0.0,139,50692.0,卖盘
13:24:59,3.64,0.0,112,40820.0,卖盘
13:25:02,3.64,0.0,29,10564.0,卖盘
13:25:05,3.64,0.0,592,215550.0,卖盘
13:25:08,3.64,0.0,504,183761.0,卖盘
13:25:11,3.63,-0.010000000000000231,132,48016.0,卖盘
13:25:14,3.62,-0.009999999999999787,1661,602865.0,卖盘
13:25:18,3.63,0.009999999999999787,48,17412.0,买盘
13:25:21,3.62,-0.009999999999999787,42,15212.0,卖盘
13:25:24,3.63,0.009999999999999787,59,21417.0,买盘
13:25:27,3.62,-0.009999999999999787,213,77209.0,卖盘
13:25:30,3.62,0.0,99,35838.0,卖盘
13:25:33,3.62,0.0,273,98968.0,卖盘
13:25:36,3.64,0.020000000000000018,198,71977.0,买盘
13:25:39,3.63,-0.010000000000000231,10,3630.0,中性盘
13:25:42,3.63,0.0,21,7617.0,买盘
13:25:46,3.62,-0.009999999999999787,390,141180.0,卖盘
13:25:49,3.62,0.0,6,2172.0,卖盘
13:25:52,3.62,0.0,96,34777.0,卖盘
13:25:55,3.62,0.0,225,81450.0,卖盘
13:25:59,3.63,0.009999999999999787,92,33367.0,买盘
13:26:02,3.62,-0.009999999999999787,178,64466.0,卖盘
13:26:05,3.62,0.0,167,60474.0,卖盘
13:26:08,3.62,0.0,10,3620.0,卖盘
13:26:11,3.61,-0.010000000000000231,312,112943.0,卖盘
13:26:15,3.62,0.010000000000000231,402,145507.0,买盘
13:26:18,3.62,0.0,13,4706.0,买盘
13:26:21,3.62,0.0,30,10855.0,买盘
13:26:24,3.61,-0.010000000000000231,51,18461.0,卖盘
13:26:27,3.62,0.010000000000000231,1051,380462.0,买盘
