成交时间,成交价,价格变动,成交量（手）,成交额（元）,性质
09:30:03,3.32,0.0,277,91873.0,买盘
09:30:06,3.31,-0.009999999999999787,1012,334758.0,中性盘
09:30:09,3.31,0.0,581,191844.0,买盘
09:30:12,3.3,-0.010000000000000231,1069,353552.0,卖盘
09:30:15,3.3,0.0,369,121897.0,卖盘
09:30:18,3.3,0.0,307,101339.0,卖盘
09:30:21,3.3,0.0,214,70621.0,卖盘
09:30:24,3.3,0.0,902,297541.0,买盘
09:30:27,3.3,0.0,901,297401.0,卖盘
09:30:30,3.3,0.0,145,47850.0,买盘
09:30:33,3.3,0.0,957,316206.0,卖盘
09:30:36,3.31,0.010000000000000231,319,105447.0,买盘
09:30:41,3.3,-0.010000000000000231,280,92400.0,卖盘
09:30:45,3.3,0.0,180,59400.0,买盘
09:30:48,3.29,-0.009999999999999787,238,78539.0,卖盘
09:30:53,3.29,0.0,380,125018.0,卖盘
09:30:56,3.29,0.0,217,71393.0,买盘
09:31:00,3.28,-0.010000000000000231,182,59734.0,卖盘
09:31:03,3.28,0.0,369,121133.0,卖盘
09:31:06,3.28,0.0,128,41993.0,卖盘
09:31:09,3.27,-0.009999999999999787,492,161366.0,卖盘
09:31:12,3.27,0.0,484,158545.51999999955,卖盘
09:31:15,3.29,0.020000000000000018,2310,759630.0,买盘
09:31:18,3.29,0.0,538,177145.0,卖盘
09:31:21,3.29,0.0,307,101085.0,卖盘
09:31:24,3.3,0.009999999999999787,137,45153.0,买盘
09:31:27,3.3,0.0,773,254992.0,买盘
09:31:30,3.3,0.0,722,238276.0,买盘
09:31:33,3.3,0.0,113,37337.0,卖盘
09:31:36,3.3,0.0,377,124490.0,卖盘
09:31:39,3.31,0.010000000000000231,2046,676501.0,买盘
09:31:42,3.31,0.0,202,66862.0,卖盘
09:31:47,3.31,0.0,285,94335.0,卖盘
09:31:53,3.31,0.0,97,32108.0,卖盘
09:31:57,3.31,0.0,99,32770.0,卖盘
09:31:59,3.31,0.0,175,58000.0,买盘
09:32:06,3.3,-0.020000000000000018,1545,510927.0,卖盘
09:32:09,3.31,0.010000000000000231,559,184977.0,买盘
09:32:15,3.31,0.0,90,29821.0,买盘
09:32:18,3.31,0.0,268,88710.0,卖盘
09:32:21,3.31,0.0,196,64874.0,买盘
09:32:25,3.31,0.0,264,87384.0,买盘
09:32:27,3.31,0.0,100,33100.0,卖盘
09:32:30,3.31,0.0,149,49291.0,中性盘
09:32:33,3.31,0.0,11,3640.0,买盘
09:32:37,3.31,0.0,294,97266.0,买盘
09:32:40,3.31,0.0,105,34755.0,买盘
09:32:44,3.31,0.0,112,37044.0,买盘
09:32:50,3.31,0.010000000000000231,255,84402.0,买盘
09:32:53,3.3,-0.010000000000000231,432,142721.0,卖盘
09:32:57,3.31,0.010000000000000231,100,33089.0,买盘
09:33:00,3.31,0.0,132,43683.0,买盘
09:33:04,3.3,-0.010000000000000231,124,41030.0,卖盘
09:33:09,3.3,0.0,91,30110.0,卖盘
09:33:15,3.3,0.0,135,44550.0,卖盘
09:33:18,3.31,0.010000000000000231,217,71720.0,买盘
09:33:21,3.31,0.0,48,15887.0,买盘
09:33:24,3.3,-0.010000000000000231,69,22809.0,卖盘
09:33:27,3.3,0.0,342,112860.0,卖盘
09:33:30,3.3,0.0,457,150810.0,卖盘
09:33:33,3.29,-0.009999999999999787,234,76988.0,卖盘
09:33:38,3.29,0.0,73,24079.0,卖盘
09:33:41,3.29,0.0,533,175367.0,卖盘
09:33:44,3.29,0.0,197,64808.0,买盘
09:33:47,3.29,0.0,39,12826.0,买盘
09:33:51,3.28,-0.010000000000000231,34,11174.0,卖盘
09:33:54,3.28,0.0,302,99086.0,卖盘
09:33:57,3.28,0.0,1076,353011.0,卖盘
09:34:00,3.28,0.0,463,151867.0,卖盘
09:34:03,3.29,0.010000000000000231,13,4275.0,买盘
09:34:06,3.28,-0.010000000000000231,104,34180.0,卖盘
09:34:09,3.28,0.0,92,30183.0,卖盘
09:34:12,3.28,0.0,145,47560.0,买盘
09:34:15,3.27,-0.009999999999999787,1138,372235.0,卖盘
09:34:18,3.28,0.009999999999999787,215,70489.0,买盘
09:34:21,3.28,0.0,185,60680.0,卖盘
09:34:25,3.28,0.0,1151,377500.0,卖盘
09:34:27,3.28,0.0,233,76417.0,买盘
09:34:30,3.28,0.0,117,38371.0,买盘
09:34:35,3.27,-0.009999999999999787,110,35970.0,卖盘
09:34:38,3.27,0.0,181,59354.0,卖盘
09:34:41,3.27,0.0,185,60505.0,卖盘
09:34:45,3.28,0.009999999999999787,116,37965.0,买盘
09:34:48,3.27,-0.009999999999999787,92,30084.0,卖盘
09:34:51,3.27,0.0,40,13080.0,卖盘
09:34:54,3.27,0.0,4,1308.0,卖盘
09:34:57,3.27,0.0,169,55373.0,卖盘
09:34:59,3.27,0.0,2247,734771.0,卖盘
09:35:03,3.26,-0.010000000000000231,256,83676.0,卖盘
09:35:06,3.27,0.010000000000000231,1104,360465.0,买盘
09:35:09,3.27,0.0,29,9483.0,卖盘
09:35:12,3.27,0.0,118,38586.0,卖盘
09:35:15,3.27,0.0,200,65400.0,卖盘
09:35:19,3.27,0.0,37,12099.0,卖盘
09:35:21,3.27,0.0,16,5232.0,卖盘
09:35:26,3.27,0.0,142,46434.0,卖盘
09:35:29,3.27,0.0,58,18966.0,卖盘
09:35:32,3.27,0.0,153,50031.0,卖盘
09:35:35,3.27,0.0,66,21582.0,卖盘
09:35:38,3.28,0.009999999999999787,931,304783.0,买盘
09:35:42,3.27,-0.009999999999999787,958,313266.0,卖盘
09:35:45,3.27,0.0,361,118204.0,卖盘
09:35:48,3.27,0.0,291,95159.0,卖盘
09:35:51,3.27,0.0,329,107510.0,卖盘
09:35:54,3.27,0.0,200,65405.0,卖盘
09:35:57,3.28,0.009999999999999787,101,33028.0,买盘
09:36:00,3.27,-0.009999999999999787,219,71613.0,卖盘
09:36:03,3.28,0.009999999999999787,316,103531.0,买盘
09:36:06,3.28,0.0,1185,387514.0,买盘
09:36:12,3.27,-0.009999999999999787,1534,501618.0,卖盘
09:36:15,3.27,0.0,19,6213.0,买盘
09:36:20,3.26,-0.010000000000000231,16,5221.0,卖盘
09:36:23,3.27,0.010000000000000231,39,12738.0,买盘
09:36:26,3.27,0.0,187,60992.0,买盘
09:36:29,3.26,-0.010000000000000231,74,24143.0,卖盘
09:36:32,3.26,0.0,30,9780.0,卖盘
09:36:35,3.27,0.010000000000000231,297,97035.0,买盘
09:36:39,3.26,-0.010000000000000231,1220,397784.0,卖盘
09:36:42,3.27,0.010000000000000231,385,125892.0,买盘
09:36:45,3.26,-0.010000000000000231,186,60653.0,卖盘
09:36:48,3.26,0.0,219,71453.0,卖盘
09:36:51,3.27,0.010000000000000231,252,82177.0,买盘
09:36:54,3.27,0.0,369,120578.0,买盘
09:36:57,3.26,-0.010000000000000231,201,65526.0,卖盘
09:37:00,3.26,0.0,22,7174.0,卖盘
09:37:03,3.26,0.0,492,160615.0,卖盘
09:37:06,3.26,0.0,180,58794.0,卖盘
09:37:10,3.28,0.020000000000000018,4564,1493897.0,买盘
09:37:45,3.28,0.0,153,50184.0,卖盘
09:37:48,3.28,0.0,56,18368.0,卖盘
09:37:51,3.28,0.0,1356,445943.0,买盘
09:37:54,3.28,0.0,21,6888.0,卖盘
09:37:57,3.29,0.010000000000000231,189,62181.0,买盘
09:38:03,3.27,-0.020000000000000018,525,171951.0,卖盘
09:38:06,3.28,0.009999999999999787,1214,398192.0,买盘
09:38:11,3.28,0.0,15,4920.0,卖盘
09:38:14,3.28,0.0,213,69886.0,中性盘
09:38:17,3.28,0.0,288,94493.0,卖盘
09:38:20,3.28,0.0,319,104632.0,卖盘
09:38:23,3.28,0.0,282,92496.0,卖盘
09:38:26,3.28,0.0,120,39360.0,买盘
09:38:30,3.27,-0.009999999999999787,113,37051.0,卖盘
09:38:33,3.28,0.009999999999999787,30,9840.0,买盘
09:38:36,3.28,0.0,13,4253.0,买盘
09:38:39,3.28,0.0,37,12136.0,买盘
09:38:42,3.27,-0.009999999999999787,234,76542.0,卖盘
09:38:45,3.27,0.0,30,9836.0,卖盘
09:38:48,3.27,0.0,59,19351.0,卖盘
09:38:51,3.28,0.009999999999999787,35,11451.0,买盘
09:38:54,3.28,0.0,61,19949.0,买盘
09:38:57,3.27,-0.009999999999999787,118,38687.0,卖盘
09:39:01,3.27,0.0,1,327.0,卖盘
09:39:03,3.28,0.009999999999999787,11,3598.0,买盘
09:39:07,3.27,-0.009999999999999787,268,87704.0,卖盘
09:39:11,3.28,0.009999999999999787,1257,411044.0,买盘
09:39:14,3.27,-0.009999999999999787,414,135378.0,卖盘
09:39:17,3.27,0.0,28,9156.0,卖盘
09:39:20,3.28,0.009999999999999787,19,6221.0,买盘
09:39:23,3.28,0.0,8,2621.0,买盘
09:39:26,3.27,-0.009999999999999787,19,6216.0,卖盘
09:39:30,3.27,0.0,7,2289.0,卖盘
09:39:33,3.28,0.009999999999999787,10,3280.0,买盘
09:39:36,3.27,-0.009999999999999787,900,294300.0,卖盘
09:39:39,3.27,0.0,2,654.0,卖盘
09:39:45,3.27,0.0,118,38586.0,卖盘
09:39:48,3.27,0.0,68,22243.0,卖盘
09:39:54,3.27,0.0,346,113147.0,卖盘
09:39:57,3.27,0.0,69,22563.0,买盘
09:40:00,3.27,0.0,1050,343350.0,买盘
09:40:03,3.27,0.0,126,41137.0,卖盘
09:40:07,3.27,0.0,364,119299.0,买盘
09:40:11,3.27,0.0,250,81775.0,卖盘
09:40:14,3.27,0.0,96,31392.0,卖盘
09:40:17,3.27,0.0,1,327.0,卖盘
09:40:20,3.28,0.009999999999999787,155,50835.0,买盘
09:40:23,3.27,-0.009999999999999787,326,106643.0,卖盘
09:40:26,3.28,0.009999999999999787,2745,900121.0,买盘
09:40:30,3.28,0.0,118,38704.0,卖盘
09:40:33,3.28,0.0,13,4264.0,卖盘
09:40:36,3.28,0.0,21,6888.0,卖盘
09:40:39,3.28,0.0,210,68880.0,卖盘
09:40:42,3.29,0.010000000000000231,131,43068.0,买盘
09:40:45,3.28,-0.010000000000000231,17,5576.0,卖盘
09:40:48,3.28,0.0,1,328.0,卖盘
09:40:51,3.28,0.0,224,73472.0,卖盘
09:40:54,3.28,0.0,111,36410.0,卖盘
09:40:57,3.28,0.0,44,14432.0,买盘
09:41:04,3.28,0.0,303,99390.0,买盘
09:41:11,3.28,0.0,15,4920.0,卖盘
09:41:14,3.28,0.0,507,166312.0,卖盘
09:41:17,3.29,0.010000000000000231,1254,412312.0,买盘
09:41:20,3.28,-0.010000000000000231,184,60352.0,卖盘
09:41:24,3.28,0.0,176,57728.0,卖盘
09:41:27,3.27,-0.009999999999999787,112,36686.0,卖盘
09:41:30,3.28,0.009999999999999787,35,11480.0,买盘
09:41:33,3.28,0.0,10,3280.0,买盘
09:41:36,3.27,-0.009999999999999787,76,24852.0,卖盘
09:41:39,3.27,0.0,3,981.0,卖盘
09:41:42,3.28,0.009999999999999787,92,30176.0,买盘
09:41:48,3.27,-0.009999999999999787,2077,679184.0,卖盘
09:41:51,3.27,0.0,144,47088.0,卖盘
09:41:55,3.28,0.009999999999999787,6,1968.0,买盘
09:41:58,3.28,0.0,107,35003.0,买盘
09:42:02,3.27,-0.009999999999999787,113,37020.0,卖盘
09:42:05,3.27,0.0,439,143553.0,卖盘
09:42:08,3.27,0.0,568,185744.0,卖盘
09:42:11,3.26,-0.010000000000000231,213,69536.0,卖盘
09:42:14,3.27,0.010000000000000231,48,15696.0,买盘
09:42:17,3.27,0.0,6,1962.0,买盘
09:42:21,3.26,-0.010000000000000231,43,14020.0,卖盘
09:42:24,3.26,0.0,106,34556.0,卖盘
09:42:27,3.26,0.0,2,652.0,卖盘
09:42:33,3.26,0.0,123,40126.0,卖盘
09:42:36,3.27,0.010000000000000231,148,48249.0,买盘
09:42:39,3.27,0.0,31,10114.0,买盘
09:42:42,3.26,-0.010000000000000231,3801,1239126.0,卖盘
09:42:45,3.26,0.0,327,106802.0,卖盘
09:42:48,3.26,0.0,245,79752.0,买盘
09:42:52,3.26,0.0,90,29340.0,卖盘
09:42:54,3.26,0.0,103,33578.0,买盘
09:42:59,3.25,-0.009999999999999787,193,62727.0,卖盘
09:43:02,3.25,0.0,87,28275.0,卖盘
09:43:05,3.25,0.0,2,651.0,卖盘
09:43:08,3.25,0.0,4,1300.0,卖盘
09:43:11,3.25,0.0,177,57527.0,卖盘
09:43:15,3.25,0.0,49,15925.0,卖盘
09:43:18,3.25,0.0,266,86465.0,卖盘
09:43:21,3.25,0.0,54,17551.0,卖盘
09:43:24,3.25,0.0,24,7800.0,卖盘
09:43:27,3.25,0.0,578,188041.0,卖盘
09:43:30,3.25,0.0,193,62725.0,卖盘
09:43:33,3.25,0.0,385,125125.0,卖盘
09:43:36,3.25,0.0,235,76385.0,卖盘
09:43:39,3.25,0.0,264,85800.0,卖盘
09:43:42,3.25,0.0,75,24375.0,卖盘
09:43:46,3.25,0.0,91,29583.0,卖盘
09:43:48,3.25,0.0,84,27319.0,卖盘
09:43:52,3.25,0.0,28,9100.0,卖盘
09:43:56,3.25,0.0,211,68575.0,卖盘
09:43:59,3.25,0.0,189,61488.0,卖盘
09:44:02,3.25,0.0,174,56550.0,卖盘
09:44:05,3.25,0.0,41,13325.0,卖盘
09:44:08,3.25,0.0,106,34450.0,卖盘
09:44:11,3.25,0.0,45,14655.0,卖盘
09:44:15,3.25,0.0,40,13032.0,卖盘
09:44:21,3.26,0.009999999999999787,90,29308.0,买盘
09:44:24,3.25,-0.009999999999999787,31,10075.0,卖盘
09:44:27,3.26,0.009999999999999787,64,20843.0,买盘
09:44:30,3.25,-0.009999999999999787,11,3575.0,卖盘
09:44:33,3.25,0.0,135,43875.0,卖盘
09:44:36,3.25,0.0,110,35750.0,卖盘
09:44:39,3.25,0.0,2,650.0,卖盘
09:44:42,3.25,0.0,365,118625.0,卖盘
09:44:45,3.25,0.0,74,24050.0,卖盘
09:44:49,3.25,0.0,295,95875.0,卖盘
09:44:53,3.25,0.0,127,41275.0,卖盘
09:44:56,3.25,0.0,19,6175.0,卖盘
09:44:59,3.25,0.0,352,114400.0,卖盘
09:45:02,3.25,0.0,124,40300.0,卖盘
09:45:05,3.25,0.0,36,11700.0,买盘
09:45:08,3.25,0.0,22,7150.0,买盘
09:45:12,3.25,0.0,58,18825.0,买盘
09:45:15,3.25,0.0,142,46150.0,买盘
09:45:18,3.25,0.0,11,3575.0,买盘
09:45:21,3.25,0.0,18,5849.0,买盘
09:45:24,3.25,0.0,32,10384.0,买盘
09:45:27,3.25,0.0,436,141678.0,买盘
09:45:30,3.24,-0.009999999999999787,198,64269.0,卖盘
09:45:33,3.24,0.0,616,199627.0,卖盘
09:45:36,3.24,0.0,208,67392.0,卖盘
09:45:39,3.24,0.0,432,139969.0,卖盘
09:45:43,3.24,0.0,88,28512.0,卖盘
09:45:50,3.24,0.0,283,91692.0,卖盘
09:45:53,3.24,0.0,38,12312.0,卖盘
09:45:56,3.24,0.0,31,10044.0,卖盘
09:45:59,3.24,0.0,959,310733.0,卖盘
09:46:02,3.24,0.0,404,130897.0,卖盘
09:46:05,3.25,0.009999999999999787,299,96894.0,买盘
09:46:09,3.24,-0.009999999999999787,1041,337308.0,卖盘
09:46:12,3.24,0.0,894,290045.0,买盘
09:46:15,3.24,0.0,67,21715.0,卖盘
09:46:18,3.25,0.009999999999999787,16,5190.0,买盘
09:46:21,3.24,-0.009999999999999787,411,133193.0,卖盘
09:46:24,3.24,0.0,303,98234.0,卖盘
09:46:27,3.25,0.009999999999999787,284,92048.0,买盘
09:46:33,3.24,-0.009999999999999787,8,2592.0,卖盘
09:46:36,3.25,0.009999999999999787,68,22098.0,买盘
09:46:40,3.24,-0.009999999999999787,960,311040.0,卖盘
09:46:43,3.24,0.0,488,158174.0,卖盘
09:46:47,3.24,0.0,227,73379.0,卖盘
09:46:50,3.24,0.0,80,25920.0,卖盘
09:46:53,3.24,0.0,233,75654.0,卖盘
09:46:59,3.24,0.0,467,151308.0,卖盘
09:47:02,3.24,0.0,227,73548.0,卖盘
09:47:06,3.24,0.0,12,3888.0,卖盘
09:47:09,3.25,0.009999999999999787,55,17855.0,买盘
09:47:12,3.24,-0.009999999999999787,5,1620.0,卖盘
09:47:15,3.24,0.0,55,17820.0,卖盘
09:47:18,3.24,0.0,78,25282.0,卖盘
09:47:24,3.24,0.0,105,34020.000000003725,卖盘
09:47:27,3.24,0.0,8,2594.0,卖盘
09:47:30,3.24,0.0,758,245592.0,卖盘
09:47:33,3.24,0.0,115,37260.0,卖盘
09:47:37,3.24,0.0,27,8748.0,卖盘
09:47:40,3.24,0.0,95,30780.0,卖盘
09:47:44,3.24,0.0,155,50246.0,卖盘
09:47:47,3.24,0.0,237,76788.0,卖盘
09:47:50,3.24,0.0,128,41472.0,卖盘
09:47:53,3.24,0.0,26,8424.0,买盘
09:47:56,3.24,0.0,5,1620.0,买盘
09:47:59,3.23,-0.010000000000000231,340,110124.0,卖盘
09:48:03,3.23,0.0,42,13568.0,卖盘
09:48:06,3.24,0.010000000000000231,15,4860.0,买盘
09:48:09,3.23,-0.010000000000000231,11,3553.0,卖盘
09:48:12,3.23,0.0,9,2907.0,卖盘
09:48:15,3.24,0.010000000000000231,93,30132.0,买盘
09:48:18,3.24,0.0,73,23648.0,买盘
09:48:24,3.23,-0.010000000000000231,375,121441.0,卖盘
09:48:27,3.23,0.0,122,39515.0,卖盘
09:48:30,3.24,0.010000000000000231,62,20031.0,买盘
09:48:37,3.24,0.0,67,21708.0,买盘
09:48:41,3.24,0.0,60,19440.0,买盘
09:48:44,3.24,0.0,101,32647.0,买盘
09:48:47,3.24,0.0,179,57993.0,买盘
09:48:50,3.24,0.0,2,648.0,买盘
09:48:53,3.24,0.0,132,42768.0,买盘
09:48:56,3.24,0.0,119,38556.0,卖盘
09:49:00,3.24,0.0,133,43092.0,卖盘
09:49:03,3.24,0.0,168,54432.0,卖盘
09:49:06,3.24,0.0,56,18144.0,卖盘
09:49:09,3.24,0.0,36,11664.0,卖盘
09:49:12,3.25,0.009999999999999787,18,5834.0,买盘
09:49:15,3.24,-0.009999999999999787,220,71300.0,卖盘
09:49:18,3.24,0.0,9,2924.0,卖盘
09:49:21,3.24,0.0,67,21708.0,卖盘
09:49:24,3.24,0.0,78,25272.0,卖盘
09:49:27,3.24,0.0,45,14580.0,买盘
09:49:31,3.24,0.0,10,3240.0,卖盘
09:49:35,3.23,-0.010000000000000231,309,99954.0,卖盘
09:49:38,3.24,0.010000000000000231,102,33048.0,中性盘
09:49:41,3.24,0.0,199,64658.0,卖盘
09:49:44,3.24,0.0,14,4536.0,卖盘
09:49:47,3.24,0.0,542,175615.0,卖盘
09:49:50,3.24,0.0,76,24624.0,买盘
09:49:53,3.24,0.0,31,10044.0,买盘
09:49:57,3.24,0.0,20,6480.0,买盘
09:50:00,3.24,0.0,69,22356.0,买盘
09:50:03,3.24,0.0,152,49248.0,买盘
09:50:06,3.24,0.0,8,2592.0,卖盘
09:50:09,3.24,0.0,461,149364.0,卖盘
09:50:12,3.25,0.009999999999999787,110,35662.0,买盘
09:50:15,3.24,-0.009999999999999787,9,2918.0,中性盘
09:50:18,3.24,0.0,87,28188.0,卖盘
09:50:24,3.24,0.0,99,32077.0,卖盘
09:50:27,3.24,0.0,14,4544.0,卖盘
09:50:31,3.24,0.0,1,324.0,卖盘
09:50:33,3.24,0.0,102,33048.0,卖盘
09:50:38,3.25,0.009999999999999787,74,23977.0,买盘
09:50:41,3.24,-0.009999999999999787,52,16848.0,卖盘
09:50:44,3.24,0.0,1382,447768.0,卖盘
09:50:47,3.24,0.0,823,266652.0,买盘
09:50:50,3.24,0.0,33,10692.0,买盘
09:50:53,3.24,0.0,85,27516.0,买盘
09:50:57,3.24,0.0,8,2592.0,卖盘
09:51:03,3.24,0.0,641,207726.0,卖盘
09:51:06,3.23,-0.010000000000000231,204,65896.0,卖盘
09:51:09,3.24,0.010000000000000231,34,11016.0,买盘
09:51:12,3.24,0.0,18,5819.0,买盘
09:51:18,3.24,0.0,5,1620.0,买盘
09:51:21,3.24,0.0,46,14880.0,买盘
09:51:25,3.23,-0.010000000000000231,1141,368643.0,卖盘
09:51:28,3.24,0.010000000000000231,40,12950.0,买盘
09:51:32,3.23,-0.010000000000000231,21,6802.0,卖盘
09:51:35,3.23,0.0,22,7115.0,卖盘
09:51:38,3.23,0.0,10,3230.0,卖盘
09:51:41,3.23,0.0,460,148580.0,卖盘
09:51:44,3.24,0.010000000000000231,20,6470.0,买盘
09:51:47,3.23,-0.010000000000000231,35,11305.0,卖盘
09:51:54,3.23,0.0,170,54910.0,卖盘
09:51:57,3.23,0.0,61,19755.0,卖盘
09:52:00,3.23,0.0,22,7106.0,卖盘
09:52:03,3.23,0.0,314,101422.0,卖盘
09:52:06,3.23,0.0,162,52326.0,卖盘
09:52:09,3.23,0.0,141,45563.0,卖盘
09:52:15,3.23,0.0,40,12924.0,卖盘
09:52:18,3.23,0.0,113,36603.0,卖盘
09:52:21,3.24,0.010000000000000231,62,20034.0,买盘
09:52:25,3.23,-0.010000000000000231,192,62026.0,卖盘
09:52:29,3.24,0.010000000000000231,51,16503.0,买盘
09:52:35,3.23,-0.010000000000000231,70,22610.0,卖盘
09:52:38,3.23,0.0,332,107238.0,卖盘
09:52:41,3.24,0.010000000000000231,51,16499.0,买盘
09:52:44,3.23,-0.010000000000000231,3192,1031016.0,卖盘
09:52:48,3.23,0.0,8,2584.0,卖盘
09:52:51,3.23,0.0,53,17119.0,卖盘
09:52:57,3.23,0.0,27,8733.0,卖盘
09:53:03,3.24,0.010000000000000231,31,10044.0,买盘
09:53:06,3.23,-0.010000000000000231,270,87210.0,卖盘
09:53:09,3.24,0.010000000000000231,317,102406.0,买盘
09:53:12,3.24,0.0,142,45869.0,买盘
09:53:18,3.24,0.0,15,4860.0,买盘
09:53:22,3.24,0.0,242,78181.0,买盘
09:53:26,3.23,-0.010000000000000231,218,70616.0,卖盘
09:53:29,3.24,0.010000000000000231,5,1620.0,买盘
09:53:32,3.25,0.009999999999999787,1783,577769.0,买盘
09:53:35,3.24,-0.009999999999999787,5,1620.0,卖盘
09:53:38,3.25,0.009999999999999787,1909,620375.0,买盘
09:53:41,3.25,0.0,56,18200.0,卖盘
09:53:45,3.24,-0.009999999999999787,82,26576.0,卖盘
09:53:48,3.25,0.009999999999999787,5,1623.0,中性盘
09:53:51,3.25,0.0,16,5200.0,卖盘
09:53:54,3.25,0.0,14,4550.0,买盘
09:53:57,3.25,0.0,1,325.0,卖盘
09:54:00,3.25,0.0,1,325.0,卖盘
09:54:03,3.25,0.0,94,30589.0,卖盘
09:54:06,3.24,-0.009999999999999787,328,106402.0,卖盘
09:54:09,3.25,0.009999999999999787,349,113154.0,买盘
09:54:12,3.24,-0.009999999999999787,81,26247.0,卖盘
09:54:16,3.24,0.0,98,31752.0,买盘
09:54:19,3.25,0.009999999999999787,42,13650.0,买盘
09:54:26,3.24,-0.009999999999999787,3,972.0,卖盘
09:54:29,3.24,0.0,19,6156.0,卖盘
09:54:35,3.24,0.0,26,8424.0,卖盘
09:54:38,3.24,0.0,37,11988.0,卖盘
09:54:41,3.24,0.0,20,6480.0,卖盘
09:54:45,3.24,0.0,4,1296.0,卖盘
09:54:48,3.24,0.0,20,6480.0,卖盘
09:54:51,3.25,0.009999999999999787,19,6175.0,买盘
09:54:54,3.24,-0.009999999999999787,15,4870.0,卖盘
09:55:00,3.24,0.0,28,9072.0,卖盘
09:55:03,3.25,0.009999999999999787,41,13304.0,买盘
09:55:06,3.25,0.0,145,47125.0,买盘
09:55:09,3.25,0.0,1086,352950.0,买盘
09:55:13,3.25,0.0,182,59150.0,卖盘
09:55:16,3.26,0.009999999999999787,23,7477.0,买盘
09:55:23,3.25,-0.009999999999999787,6,1950.0,卖盘
09:55:26,3.26,0.009999999999999787,11,3585.0,买盘
09:55:29,3.25,-0.009999999999999787,1,325.0,卖盘
09:55:32,3.25,0.0,52,16902.0,卖盘
09:55:38,3.25,0.0,109,35425.0,卖盘
09:55:48,3.26,0.009999999999999787,50,16300.0,买盘
09:55:51,3.25,-0.009999999999999787,21,6840.0,卖盘
09:55:54,3.26,0.009999999999999787,52,16952.0,买盘
09:55:57,3.25,-0.009999999999999787,127,41280.0,卖盘
09:56:03,3.25,0.0,349,113575.0,卖盘
09:56:06,3.25,0.0,194,63084.0,卖盘
09:56:09,3.25,0.0,126,40950.0,卖盘
09:56:13,3.25,0.0,52,16950.0,中性盘
09:56:16,3.25,0.0,21,6825.0,买盘
09:56:20,3.25,0.0,133,43225.0,卖盘
09:56:23,3.25,0.0,1,325.0,买盘
09:56:26,3.25,0.0,102,33150.0,买盘
09:56:29,3.24,-0.009999999999999787,104,33717.0,卖盘
09:56:32,3.24,0.0,104,33746.0,卖盘
09:56:39,3.24,0.0,24,7776.0,卖盘
09:56:42,3.24,0.0,55,17820.0,卖盘
09:56:45,3.24,0.0,1,324.0,卖盘
09:56:51,3.25,0.009999999999999787,33,10725.0,买盘
09:56:54,3.25,0.0,80,25960.0,买盘
09:56:57,3.25,0.0,111,36075.0,买盘
09:57:03,3.26,0.009999999999999787,33,10727.0,买盘
09:57:10,3.25,-0.009999999999999787,20,6500.0,卖盘
09:57:20,3.25,0.0,30,9751.0,卖盘
09:57:23,3.25,0.0,1,325.0,卖盘
09:57:26,3.25,0.0,40,13000.0,卖盘
09:57:29,3.26,0.009999999999999787,38,12366.0,买盘
09:57:33,3.26,0.0,10,3260.0,买盘
09:57:39,3.25,-0.009999999999999787,141,45825.0,卖盘
09:57:48,3.26,0.009999999999999787,30,9780.0,买盘
09:57:57,3.26,0.0,2,652.0,买盘
09:58:00,3.26,0.0,3,978.0,买盘
09:58:07,3.26,0.0,8,2608.0,买盘
09:58:14,3.26,0.0,13,4238.0,买盘
09:58:17,3.25,-0.009999999999999787,171,55675.0,卖盘
09:58:20,3.26,0.009999999999999787,2,652.0,买盘
09:58:23,3.26,0.0,1,326.0,买盘
09:58:30,3.26,0.0,143,46476.0,买盘
09:58:33,3.26,0.0,370,120620.0,买盘
09:58:36,3.26,0.0,111,36186.0,买盘
09:58:39,3.25,-0.009999999999999787,22,7160.0,卖盘
09:58:42,3.26,0.009999999999999787,1,326.0,买盘
09:58:48,3.25,-0.009999999999999787,1821,591825.0,卖盘
09:58:51,3.25,0.0,16,5200.0,买盘
09:58:54,3.26,0.009999999999999787,71,23129.0,买盘
09:59:04,3.25,-0.009999999999999787,11,3575.0,卖盘
09:59:07,3.25,0.0,15,4875.0,卖盘
09:59:11,3.25,0.0,33,10725.0,卖盘
09:59:14,3.25,0.0,53,17225.0,卖盘
09:59:17,3.25,0.0,3,975.0,卖盘
09:59:23,3.25,0.0,5,1625.0,卖盘
09:59:26,3.25,0.0,96,31200.0,卖盘
09:59:30,3.25,0.0,3,975.0,卖盘
09:59:33,3.25,0.0,202,65650.0,卖盘
09:59:36,3.26,0.009999999999999787,1,326.0,买盘
09:59:39,3.25,-0.009999999999999787,22,7150.0,卖盘
09:59:45,3.25,0.0,1,325.0,卖盘
09:59:48,3.25,0.0,90,29250.0,卖盘
09:59:51,3.26,0.009999999999999787,33,10758.0,买盘
09:59:54,3.25,-0.009999999999999787,181,58825.0,卖盘
09:59:57,3.25,0.0,30,9765.0,卖盘
10:00:00,3.25,0.0,63,20475.0,卖盘
10:00:04,3.26,0.009999999999999787,40,13040.0,买盘
10:00:08,3.26,0.0,3,976.0,买盘
10:00:11,3.25,-0.009999999999999787,70,22780.0,卖盘
10:00:14,3.25,0.0,101,32827.0,卖盘
10:00:17,3.25,0.0,6,1953.0,卖盘
10:00:27,3.25,0.0,41,13326.0,卖盘
10:00:30,3.25,0.0,1,325.0,卖盘
10:00:36,3.25,0.0,25,8125.0,卖盘
10:00:42,3.25,0.0,31,10075.0,卖盘
10:00:45,3.25,0.0,143,46475.0,卖盘
10:00:48,3.26,0.009999999999999787,196,63841.0,买盘
10:00:51,3.26,0.0,250,81499.0,买盘
10:00:58,3.26,0.0,42,13692.0,买盘
10:01:02,3.26,0.0,332,107969.0,买盘
10:01:08,3.26,0.0,9,2934.0,买盘
10:01:11,3.25,-0.009999999999999787,1,325.0,卖盘
10:01:14,3.25,0.0,1,325.0,卖盘
10:01:17,3.25,0.0,26,8466.0,卖盘
10:01:27,3.25,0.0,1,325.0,卖盘
10:01:30,3.25,0.0,6,1950.0,卖盘
10:01:33,3.26,0.009999999999999787,46,14996.0,买盘
10:01:36,3.25,-0.009999999999999787,102,33188.0,卖盘
10:01:39,3.26,0.009999999999999787,31,10080.0,买盘
10:01:42,3.26,0.0,121,39446.0,买盘
10:01:45,3.26,0.0,173,56260.0,买盘
10:01:49,3.26,0.0,7,2277.0,买盘
10:01:52,3.25,-0.009999999999999787,289,94064.0,卖盘
10:01:54,3.26,0.009999999999999787,120,39120.0,买盘
10:02:05,3.26,0.0,20,6520.0,买盘
10:02:08,3.26,0.0,1,326.0,买盘
10:02:11,3.26,0.0,34,11054.0,买盘
10:02:15,3.26,0.0,104,33904.0,买盘
10:02:18,3.26,0.0,95,30970.0,买盘
10:02:21,3.26,0.0,6,1956.0,买盘
10:02:24,3.26,0.0,18,5867.0,买盘
10:02:27,3.25,-0.009999999999999787,26,8450.0,卖盘
10:02:30,3.26,0.009999999999999787,231,75301.0,买盘
10:02:33,3.25,-0.009999999999999787,51,16575.0,卖盘
10:02:39,3.25,0.0,2,650.0,卖盘
10:02:45,3.26,0.009999999999999787,1,326.0,买盘
10:02:53,3.25,-0.009999999999999787,33,10755.0,卖盘
10:02:59,3.26,0.009999999999999787,3,978.0,买盘
10:03:05,3.26,0.0,4,1304.0,买盘
10:03:09,3.25,-0.009999999999999787,8,2600.0,卖盘
10:03:18,3.25,0.0,44,14300.0,卖盘
10:03:21,3.25,0.0,7,2275.0,卖盘
10:03:24,3.26,0.009999999999999787,72,23460.0,买盘
10:03:27,3.25,-0.009999999999999787,7,2275.0,卖盘
10:03:30,3.25,0.0,3,975.0,卖盘
10:03:47,3.25,0.0,4,1300.0,卖盘
10:03:50,3.25,0.0,943,306475.0,卖盘
10:03:53,3.25,0.0,10,3259.0,卖盘
10:03:59,3.25,0.0,3127,1016275.0,卖盘
10:04:02,3.25,0.0,2,650.0,买盘
10:04:06,3.25,0.0,48,15568.0,买盘
10:04:09,3.25,0.0,63,20425.0,买盘
10:04:12,3.25,0.0,4,1298.0,买盘
10:04:15,3.25,0.0,10,3250.0,买盘
10:04:18,3.24,-0.009999999999999787,229,74196.0,卖盘
10:04:21,3.25,0.009999999999999787,10,3250.0,买盘
10:04:24,3.25,0.0,353,114720.0,买盘
10:04:27,3.25,0.0,465,151450.0,卖盘
10:04:30,3.25,0.0,6,1950.0,卖盘
10:04:40,3.25,0.0,5,1625.0,卖盘
10:04:44,3.25,0.0,50,16250.0,卖盘
10:04:47,3.25,0.0,165,53625.0,卖盘
10:04:53,3.25,0.0,27,8775.0,卖盘
10:04:56,3.25,0.0,72,23400.0,卖盘
10:04:59,3.25,0.0,103,33475.0,卖盘
10:05:03,3.25,0.0,53,17225.0,卖盘
10:05:06,3.25,0.0,10,3250.0,卖盘
10:05:09,3.25,0.0,2,650.0,卖盘
10:05:12,3.25,0.0,1,325.0,卖盘
10:05:15,3.25,0.0,344,111800.0,卖盘
10:05:18,3.25,0.0,153,49725.0,卖盘
10:05:21,3.25,0.0,138,44850.0,买盘
10:05:24,3.25,0.0,3,975.0,卖盘
10:05:27,3.25,0.0,105,34125.0,卖盘
10:05:30,3.25,0.0,59,19175.0,卖盘
10:05:41,3.25,0.0,2,650.0,买盘
10:05:47,3.25,0.0,10,3250.0,买盘
10:05:50,3.25,0.0,15,4875.0,买盘
10:05:53,3.25,0.0,5,1625.0,买盘
10:05:56,3.24,-0.009999999999999787,8,2593.0,卖盘
10:06:00,3.25,0.009999999999999787,3,975.0,买盘
10:06:03,3.24,-0.009999999999999787,75,24300.0,卖盘
10:06:06,3.24,0.0,1,324.0,卖盘
10:06:09,3.24,0.0,15,4860.0,卖盘
10:06:12,3.24,0.0,152,49248.0,卖盘
10:06:15,3.24,0.0,52,16849.0,卖盘
10:06:28,3.25,0.009999999999999787,358,116022.0,买盘
10:06:31,3.25,0.0,60,19500.0,买盘
10:06:34,3.25,0.0,232,75268.0,买盘
10:06:38,3.24,-0.009999999999999787,202,65448.0,卖盘
10:06:41,3.24,0.0,1,324.0,卖盘
10:06:44,3.24,0.0,145,46983.0,卖盘
10:06:47,3.24,0.0,22,7128.0,卖盘
10:06:50,3.24,0.0,20,6480.0,卖盘
10:06:53,3.25,0.009999999999999787,17,5510.0,买盘
10:06:57,3.24,-0.009999999999999787,2,648.0,卖盘
10:07:00,3.24,0.0,130,42123.0,卖盘
10:07:03,3.24,0.0,56,18144.0,卖盘
10:07:06,3.24,0.0,83,26892.0,卖盘
10:07:09,3.24,0.0,93,30214.0,卖盘
10:07:12,3.25,0.009999999999999787,37,11991.0,买盘
10:07:15,3.24,-0.009999999999999787,25,8105.0,卖盘
10:07:18,3.25,0.009999999999999787,3,975.0,买盘
10:07:21,3.24,-0.009999999999999787,34,11016.0,卖盘
10:07:28,3.24,0.0,5,1620.0,卖盘
10:07:31,3.24,0.0,20,6480.0,卖盘
10:07:38,3.24,0.0,8,2592.0,卖盘
10:07:41,3.24,0.0,10,3240.0,卖盘
10:07:44,3.24,0.0,13,4212.0,卖盘
10:07:47,3.24,0.0,298,96552.0,卖盘
10:07:50,3.25,0.009999999999999787,321,104096.0,买盘
10:08:00,3.25,0.0,5,1625.0,买盘
10:08:03,3.25,0.0,1,325.0,买盘
10:08:06,3.24,-0.009999999999999787,1,324.0,卖盘
10:08:09,3.24,0.0,30,9748.0,卖盘
10:08:15,3.24,0.0,236,76464.0,卖盘
10:08:18,3.24,0.0,23,7452.0,卖盘
10:08:22,3.24,0.0,1,324.0,卖盘
10:08:25,3.25,0.009999999999999787,78,25282.0,买盘
10:08:29,3.25,0.0,105,34023.0,买盘
10:08:35,3.24,-0.009999999999999787,30,9720.0,卖盘
10:08:38,3.25,0.009999999999999787,1,325.0,买盘
10:08:41,3.25,0.0,2,650.0,买盘
10:08:44,3.25,0.0,20,6500.0,买盘
10:08:48,3.25,0.0,1,325.0,买盘
10:08:51,3.25,0.0,8,2600.0,买盘
10:08:54,3.25,0.0,26,8450.0,买盘
10:08:57,3.25,0.0,13,4214.0,买盘
10:09:00,3.24,-0.009999999999999787,24,7777.0,卖盘
10:09:06,3.25,0.009999999999999787,48,15555.0,买盘
10:09:12,3.25,0.0,54,17550.0,买盘
10:09:19,3.25,0.0,20,6500.0,买盘
10:09:22,3.24,-0.009999999999999787,55,17825.0,卖盘
10:09:25,3.25,0.009999999999999787,23,7475.0,买盘
10:09:29,3.25,0.0,101,32825.0,买盘
10:09:35,3.24,-0.009999999999999787,13,4224.0,卖盘
10:09:38,3.24,0.0,48,15552.0,卖盘
10:09:41,3.24,0.0,176,57077.0,卖盘
10:09:44,3.25,0.009999999999999787,11,3565.0,买盘
10:09:51,3.24,-0.009999999999999787,35,11340.0,卖盘
10:10:03,3.25,0.009999999999999787,5,1625.0,买盘
10:10:09,3.25,0.0,2,650.0,买盘
10:10:12,3.24,-0.009999999999999787,4,1296.0,卖盘
10:10:15,3.24,0.0,1000,324000.0,卖盘
10:10:18,3.24,0.0,100,32400.0,卖盘
10:10:22,3.24,0.0,12,3888.0,卖盘
10:10:29,3.24,0.0,11,3569.0,卖盘
10:10:35,3.25,0.009999999999999787,251,81325.0,买盘
10:10:38,3.24,-0.009999999999999787,58,18792.0,卖盘
10:10:41,3.25,0.009999999999999787,38,12350.0,买盘
10:10:44,3.24,-0.009999999999999787,140,45360.0,卖盘
10:10:48,3.24,0.0,30,9720.0,卖盘
10:10:51,3.24,0.0,54,17496.0,卖盘
10:10:54,3.24,0.0,39,12662.0,卖盘
10:10:57,3.24,0.0,20,6480.0,卖盘
10:11:00,3.25,0.009999999999999787,1,325.0,买盘
10:11:03,3.25,0.0,138,44750.0,买盘
10:11:06,3.24,-0.009999999999999787,53,17172.0,卖盘
10:11:09,3.24,0.0,80,25921.0,卖盘
10:11:16,3.24,0.0,178,57672.0,卖盘
10:11:22,3.24,0.0,30,9720.0,卖盘
10:11:26,3.25,0.009999999999999787,8,2600.0,买盘
10:11:29,3.24,-0.009999999999999787,2,648.0,卖盘
10:11:38,3.25,0.009999999999999787,1,325.0,买盘
10:11:51,3.24,-0.009999999999999787,235,76240.0,卖盘
10:11:54,3.25,0.009999999999999787,1,325.0,买盘
10:11:57,3.25,0.0,1,325.0,买盘
10:12:06,3.24,-0.009999999999999787,57,18468.0,卖盘
10:12:10,3.25,0.009999999999999787,92,29900.0,买盘
10:12:13,3.24,-0.009999999999999787,1,324.0,卖盘
10:12:16,3.24,0.0,166,53784.0,卖盘
10:12:26,3.24,0.0,147,47628.0,卖盘
10:12:29,3.25,0.009999999999999787,12,3898.0,买盘
10:12:32,3.24,-0.009999999999999787,21,6804.0,卖盘
10:12:35,3.24,0.0,17,5508.0,卖盘
10:12:39,3.25,0.009999999999999787,1,325.0,买盘
10:12:42,3.25,0.0,31,10075.0,买盘
10:12:45,3.25,0.0,5,1625.0,买盘
10:12:48,3.24,-0.009999999999999787,12,3888.0,卖盘
10:12:51,3.24,0.0,52,16848.0,卖盘
10:12:54,3.24,0.0,41,13285.0,卖盘
10:12:57,3.25,0.009999999999999787,1,325.0,买盘
10:13:00,3.24,-0.009999999999999787,7,2268.0,卖盘
10:13:03,3.24,0.0,29,9396.0,卖盘
10:13:07,3.24,0.0,20,6480.0,卖盘
10:13:13,3.24,0.0,1,324.0,卖盘
10:13:29,3.24,0.0,289,93636.0,卖盘
10:13:32,3.25,0.009999999999999787,2,650.0,买盘
10:13:36,3.24,-0.009999999999999787,53,17172.0,卖盘
10:13:39,3.24,0.0,25,8100.0,卖盘
10:13:48,3.24,0.0,1,324.0,卖盘
10:13:51,3.24,0.0,336,109184.0,卖盘
10:14:03,3.25,0.009999999999999787,132,42900.0,买盘
10:14:07,3.25,0.0,11,3565.0,买盘
10:14:10,3.24,-0.009999999999999787,75,24300.0,卖盘
10:14:13,3.25,0.009999999999999787,32,10400.0,买盘
10:14:17,3.24,-0.009999999999999787,2322,752328.0,卖盘
10:14:20,3.24,0.0,9,2916.0,中性盘
10:14:23,3.24,0.0,2,648.0,买盘
10:14:26,3.23,-0.010000000000000231,99,31978.0,卖盘
10:14:29,3.24,0.010000000000000231,10,3240.0,买盘
10:14:32,3.23,-0.010000000000000231,6,1938.0,卖盘
10:14:39,3.23,0.0,20,6460.0,卖盘
10:14:42,3.24,0.010000000000000231,28,9052.0,买盘
10:14:45,3.23,-0.010000000000000231,213,68912.0,卖盘
10:14:48,3.23,0.0,1,323.0,卖盘
10:14:51,3.23,0.0,435,140507.0,卖盘
10:14:54,3.23,0.0,10,3230.0,卖盘
10:15:00,3.23,0.0,36,11628.0,卖盘
10:15:03,3.23,0.0,37,11951.0,卖盘
10:15:07,3.24,0.010000000000000231,199,64386.0,买盘
10:15:10,3.23,-0.010000000000000231,85,27455.0,卖盘
10:15:17,3.23,0.0,76,24554.0,卖盘
10:15:23,3.23,0.0,40,12920.0,卖盘
10:15:26,3.24,0.010000000000000231,53,17172.0,买盘
10:15:29,3.23,-0.010000000000000231,27,8721.0,卖盘
10:15:32,3.23,0.0,8,2584.0,卖盘
10:15:42,3.23,0.0,18,5814.0,卖盘
10:15:45,3.23,0.0,131,42388.0,卖盘
10:15:48,3.23,0.0,72,23256.0,卖盘
10:15:51,3.23,0.0,39,12597.0,卖盘
10:15:54,3.23,0.0,30,9700.0,卖盘
10:15:57,3.23,0.0,7,2261.0,卖盘
10:16:04,3.23,0.0,9,2907.0,卖盘
10:16:07,3.23,0.0,7,2261.0,卖盘
10:16:10,3.24,0.010000000000000231,2,648.0,买盘
10:16:14,3.23,-0.010000000000000231,27,8721.0,卖盘
10:16:17,3.23,0.0,128,41349.0,卖盘
10:16:20,3.23,0.0,16,5168.0,卖盘
10:16:23,3.24,0.010000000000000231,101,32723.0,买盘
10:16:29,3.23,-0.010000000000000231,5,1615.0,卖盘
10:16:36,3.24,0.010000000000000231,126,40818.0,买盘
10:16:45,3.24,0.0,3,972.0,买盘
10:16:48,3.23,-0.010000000000000231,20,6460.0,卖盘
10:16:51,3.24,0.010000000000000231,111,35879.0,买盘
10:16:54,3.23,-0.010000000000000231,149,48174.0,卖盘
10:16:57,3.23,0.0,16,5169.0,卖盘
10:17:04,3.23,0.0,137,44251.0,卖盘
10:17:07,3.23,0.0,118,38114.0,卖盘
10:17:14,3.23,0.0,14,4522.0,卖盘
10:17:17,3.23,0.0,15,4845.0,卖盘
10:17:23,3.24,0.010000000000000231,90,29083.0,买盘
10:17:26,3.24,0.0,184,59615.0,买盘
10:17:29,3.23,-0.010000000000000231,51,16474.0,卖盘
10:17:33,3.24,0.010000000000000231,17,5506.0,买盘
10:17:36,3.23,-0.010000000000000231,41,13258.0,卖盘
10:17:39,3.24,0.010000000000000231,2,648.0,买盘
10:17:45,3.23,-0.010000000000000231,30,9690.0,卖盘
10:17:51,3.24,0.010000000000000231,121,39203.0,买盘
10:17:57,3.24,0.0,24,7776.0,买盘
10:18:00,3.23,-0.010000000000000231,28,9061.0,卖盘
10:18:04,3.23,0.0,78,25194.0,卖盘
10:18:07,3.23,0.0,130,41990.0,卖盘
10:18:11,3.23,0.0,151,48873.0,卖盘
10:18:20,3.24,0.010000000000000231,554,178972.0,买盘
10:18:23,3.23,-0.010000000000000231,231,74791.0,卖盘
10:18:26,3.23,0.0,121,39084.0,卖盘
10:18:30,3.23,0.0,34,10986.0,卖盘
10:18:33,3.23,0.0,1,323.0,卖盘
10:18:42,3.23,0.0,10,3230.0,卖盘
10:18:45,3.23,0.0,2,646.0,卖盘
10:18:54,3.25,0.020000000000000018,5432,1759965.0,买盘
10:18:58,3.25,0.0,307,99725.0,买盘
10:19:04,3.24,-0.009999999999999787,2,648.0,卖盘
10:19:08,3.24,0.0,222,71932.0,卖盘
10:19:11,3.24,0.0,85,27540.0,卖盘
10:19:17,3.24,0.0,104,33696.0,卖盘
10:19:20,3.24,0.0,13,4212.0,卖盘
10:19:23,3.24,0.0,54,17496.0,卖盘
10:19:30,3.24,0.0,1,324.0,卖盘
10:19:36,3.24,0.0,30,9728.0,卖盘
10:19:42,3.24,0.0,15,4860.0,卖盘
10:19:45,3.24,0.0,49,15876.0,卖盘
10:19:48,3.24,0.0,1,324.0,卖盘
10:19:51,3.24,0.0,260,84240.0,卖盘
10:19:55,3.25,0.009999999999999787,8,2597.0,买盘
10:20:05,3.24,-0.009999999999999787,45,14580.0,卖盘
10:20:08,3.24,0.0,52,16848.0,卖盘
10:20:11,3.24,0.0,311,100764.0,卖盘
10:20:14,3.24,0.0,13,4214.0,卖盘
10:20:17,3.24,0.0,73,23652.0,卖盘
10:20:27,3.25,0.009999999999999787,8,2600.0,买盘
10:20:30,3.24,-0.009999999999999787,9,2916.0,卖盘
10:20:36,3.24,0.0,111,35969.0,卖盘
10:20:39,3.24,0.0,18,5832.0,卖盘
10:20:45,3.24,0.0,415,134460.0,卖盘
10:20:48,3.24,0.0,4,1296.0,卖盘
10:20:58,3.25,0.009999999999999787,17,5523.0,买盘
10:21:02,3.24,-0.009999999999999787,61,19811.0,卖盘
10:21:05,3.25,0.009999999999999787,4,1300.0,买盘
10:21:08,3.25,0.0,242,78641.0,买盘
10:21:11,3.25,0.0,501,162645.0,买盘
10:21:14,3.25,0.0,47,15275.0,买盘
10:21:17,3.25,0.0,685,222271.0,买盘
10:21:21,3.25,0.0,7,2275.0,买盘
10:21:24,3.24,-0.009999999999999787,341,110765.0,卖盘
10:21:33,3.25,0.009999999999999787,32,10400.0,买盘
10:21:36,3.25,0.0,384,124800.0,买盘
10:21:39,3.24,-0.009999999999999787,56,18191.0,卖盘
10:21:42,3.25,0.009999999999999787,10,3250.0,买盘
10:21:45,3.25,0.0,61,19825.0,买盘
10:21:49,3.25,0.0,6,1950.0,买盘
10:21:51,3.25,0.0,17,5525.0,买盘
10:21:55,3.24,-0.009999999999999787,14,4544.0,卖盘
10:21:59,3.24,0.0,13,4224.0,卖盘
10:22:02,3.24,0.0,8,2592.0,卖盘
10:22:05,3.24,0.0,13,4219.0,卖盘
10:22:11,3.24,0.0,11,3574.0,卖盘
10:22:14,3.25,0.009999999999999787,15,4875.0,买盘
10:22:18,3.25,0.0,4,1300.0,买盘
10:22:21,3.24,-0.009999999999999787,29,9405.0,卖盘
10:22:24,3.25,0.009999999999999787,1,325.0,买盘
10:22:30,3.25,0.0,30,9730.0,买盘
10:22:39,3.25,0.0,139,45175.0,买盘
10:22:42,3.25,0.0,1,325.0,买盘
10:22:46,3.25,0.0,22,7150.0,买盘
10:22:49,3.24,-0.009999999999999787,24,7781.0,卖盘
10:22:52,3.24,0.0,3,974.0,卖盘
10:23:00,3.24,0.0,30,9720.0,卖盘
10:23:05,3.24,0.0,2,648.0,卖盘
10:23:08,3.25,0.009999999999999787,123,39975.0,买盘
10:23:11,3.25,0.0,5,1621.0,买盘
10:23:15,3.24,-0.009999999999999787,139,45045.0,卖盘
10:23:18,3.25,0.009999999999999787,1,325.0,买盘
10:23:21,3.24,-0.009999999999999787,1918,621438.0,卖盘
10:23:24,3.25,0.009999999999999787,215,69840.0,买盘
10:23:27,3.24,-0.009999999999999787,5,1620.0,卖盘
10:23:30,3.24,0.0,100,32400.0,卖盘
10:23:36,3.24,0.0,48,15552.0,卖盘
10:23:43,3.24,0.0,50,16200.0,卖盘
10:23:49,3.25,0.009999999999999787,10,3250.0,买盘
10:23:56,3.25,0.0,10,3250.0,买盘
10:23:59,3.24,-0.009999999999999787,6,1944.0,卖盘
10:24:02,3.24,0.0,3,972.0,卖盘
10:24:05,3.25,0.009999999999999787,2,650.0,买盘
10:24:11,3.24,-0.009999999999999787,59,19116.0,卖盘
10:24:15,3.25,0.009999999999999787,2,650.0,买盘
10:24:21,3.24,-0.009999999999999787,8,2592.0,卖盘
10:24:27,3.24,0.0,3,972.0,卖盘
10:24:30,3.25,0.009999999999999787,164,53293.0,买盘
10:24:33,3.24,-0.009999999999999787,19,6156.0,卖盘
10:24:36,3.24,0.0,180,58382.0,卖盘
10:24:46,3.24,0.0,12,3888.0,卖盘
10:24:53,3.24,0.0,172,55743.0,卖盘
10:24:59,3.24,0.0,3,972.0,卖盘
10:25:02,3.24,0.0,68,22032.0,卖盘
10:25:05,3.24,0.0,15,4860.0,卖盘
10:25:08,3.24,0.0,5,1620.0,卖盘
10:25:21,3.24,0.0,2,648.0,卖盘
10:25:24,3.24,0.0,6,1944.0,卖盘
10:25:30,3.25,0.009999999999999787,6,1950.0,买盘
10:25:33,3.24,-0.009999999999999787,41,13284.0,卖盘
10:25:36,3.25,0.009999999999999787,8,2599.0,买盘
10:25:40,3.24,-0.009999999999999787,170,55080.0,卖盘
10:25:43,3.24,0.0,16,5184.0,卖盘
10:25:47,3.25,0.009999999999999787,265,85914.0,买盘
10:25:50,3.24,-0.009999999999999787,7,2268.0,卖盘
10:25:53,3.24,0.0,73,23652.0,卖盘
10:25:56,3.25,0.009999999999999787,20,6483.0,买盘
10:25:59,3.24,-0.009999999999999787,50,16200.0,卖盘
10:26:02,3.25,0.009999999999999787,8,2600.0,买盘
10:26:06,3.24,-0.009999999999999787,74,23976.0,卖盘
10:26:09,3.24,0.0,140,45360.0,卖盘
10:26:21,3.24,0.0,1,324.0,卖盘
10:26:34,3.24,0.0,3,972.0,卖盘
10:26:44,3.24,0.0,25,8100.0,卖盘
10:26:47,3.24,0.0,5,1620.0,卖盘
10:26:50,3.24,0.0,5,1620.0,卖盘
10:26:53,3.24,0.0,6,1944.0,卖盘
10:26:59,3.24,0.0,11,3564.0,卖盘
10:27:06,3.24,0.0,25,8100.0,卖盘
10:27:09,3.25,0.009999999999999787,25,8125.0,买盘
10:27:12,3.25,0.0,206,66950.0,买盘
10:27:15,3.25,0.0,354,114886.0,买盘
10:27:18,3.25,0.0,16,5200.0,买盘
10:27:21,3.25,0.0,18,5850.0,买盘
10:27:24,3.25,0.0,3,975.0,买盘
10:27:27,3.24,-0.009999999999999787,11,3570.0,卖盘
10:27:31,3.25,0.009999999999999787,126,40950.0,买盘
10:27:34,3.25,0.0,516,167700.0,买盘
10:27:37,3.25,0.0,164,53250.0,买盘
10:27:41,3.25,0.0,111,36064.0,买盘
10:27:44,3.25,0.0,299,97175.0,买盘
10:27:47,3.25,0.0,51,16576.0,卖盘
10:27:56,3.26,0.009999999999999787,3,978.0,买盘
10:28:00,3.25,-0.009999999999999787,43,13985.0,卖盘
10:28:06,3.25,0.0,10,3251.0,卖盘
10:28:09,3.25,0.0,20,6500.0,卖盘
10:28:15,3.25,0.0,32,10400.0,卖盘
10:28:21,3.26,0.009999999999999787,44,14344.0,买盘
10:28:24,3.26,0.0,19,6194.0,买盘
10:28:28,3.25,-0.009999999999999787,46,14950.0,卖盘
10:28:31,3.26,0.009999999999999787,2,652.0,买盘
10:28:41,3.26,0.0,140,45510.0,买盘
10:28:44,3.26,0.0,1,326.0,买盘
10:28:56,3.26,0.0,2,652.0,买盘
10:29:00,3.26,0.0,3,978.0,买盘
10:29:06,3.25,-0.009999999999999787,4,1300.0,卖盘
10:29:18,3.26,0.009999999999999787,6,1956.0,买盘
10:29:25,3.26,0.0,1,326.0,买盘
10:29:31,3.25,-0.009999999999999787,26,8450.0,卖盘
10:29:38,3.25,0.0,45,14625.0,卖盘
10:29:41,3.25,0.0,48,15606.0,卖盘
10:29:44,3.25,0.0,25,8125.0,卖盘
10:29:50,3.25,0.0,39,12675.0,卖盘
10:29:53,3.25,0.0,142,46150.0,卖盘
10:29:57,3.25,0.0,3,975.0,卖盘
10:30:00,3.25,0.0,4,1300.0,卖盘
10:30:03,3.25,0.0,256,83200.0,卖盘
10:30:06,3.25,0.0,262,85151.0,卖盘
10:30:09,3.25,0.0,126,40950.0,卖盘
10:30:12,3.25,0.0,20,6500.0,卖盘
10:30:15,3.25,0.0,3,975.0,卖盘
10:30:25,3.25,0.0,20,6500.0,卖盘
10:30:28,3.25,0.0,65,21125.0,卖盘
10:30:31,3.25,0.0,30,9750.0,卖盘
10:30:35,3.26,0.009999999999999787,8,2603.0,买盘
10:30:38,3.25,-0.009999999999999787,65,21125.0,卖盘
10:30:47,3.25,0.0,24,7802.0,卖盘
10:30:51,3.26,0.009999999999999787,1,326.0,买盘
10:30:57,3.26,0.0,241,78566.0,买盘
10:31:00,3.26,0.0,1,326.0,买盘
10:31:03,3.26,0.0,200,65200.0,买盘
10:31:06,3.26,0.0,417,135929.0,买盘
10:31:09,3.26,0.0,2566,836516.0,买盘
10:31:12,3.27,0.010000000000000231,780,255060.0,买盘
10:31:15,3.27,0.0,56,18282.0,买盘
10:31:19,3.27,0.0,2375,777837.0,买盘
10:31:22,3.27,0.0,30,9810.0,卖盘
10:31:25,3.28,0.009999999999999787,70,22942.0,买盘
10:31:29,3.28,0.0,303,99384.0,买盘
10:31:32,3.27,-0.009999999999999787,25,8190.0,卖盘
10:31:35,3.28,0.009999999999999787,74,24272.0,买盘
10:31:38,3.28,0.0,104,34108.0,买盘
10:31:41,3.27,-0.009999999999999787,34,11150.0,卖盘
10:31:48,3.28,0.009999999999999787,315,103120.0,买盘
10:31:54,3.28,0.0,41,13448.0,买盘
10:32:00,3.28,0.0,29,9512.0,买盘
10:32:03,3.28,0.0,30,9840.0,买盘
10:32:06,3.28,0.0,10,3274.0,买盘
10:32:09,3.28,0.0,22,7216.0,买盘
10:32:12,3.27,-0.009999999999999787,15,4905.0,卖盘
10:32:16,3.28,0.009999999999999787,5,1640.0,买盘
10:32:19,3.27,-0.009999999999999787,202,66065.0,卖盘
10:32:23,3.28,0.009999999999999787,3,984.0,买盘
10:32:29,3.27,-0.009999999999999787,8,2616.0,卖盘
10:32:32,3.28,0.009999999999999787,10,3280.0,买盘
10:32:39,3.28,0.0,32,10494.0,买盘
10:32:42,3.28,0.0,2,656.0,买盘
10:32:48,3.27,-0.009999999999999787,7,2291.0,卖盘
10:32:54,3.27,0.0,153,50031.0,卖盘
10:32:57,3.27,0.0,197,64419.0,卖盘
10:33:00,3.27,0.0,231,75537.0,卖盘
10:33:04,3.27,0.0,636,207993.0,卖盘
10:33:07,3.27,0.0,70,22890.0,卖盘
10:33:10,3.27,0.0,24,7848.0,卖盘
10:33:13,3.27,0.0,542,177234.0,卖盘
10:33:17,3.27,0.0,147,48069.0,买盘
10:33:20,3.26,-0.010000000000000231,1894,617543.0,卖盘
10:33:23,3.26,0.0,128,41728.0,买盘
10:33:26,3.26,0.0,144,46944.0,买盘
10:33:29,3.26,0.0,780,254280.0,买盘
10:33:33,3.27,0.010000000000000231,2543,829044.0,买盘
10:33:36,3.27,0.0,56,18312.0,买盘
10:33:39,3.27,0.0,347,113469.0,卖盘
10:33:48,3.27,0.0,25,8175.0,买盘
10:33:51,3.27,0.0,4,1308.0,买盘
10:34:04,3.27,0.0,63,20601.0,买盘
10:34:07,3.27,0.0,135,44145.0,买盘
10:34:14,3.27,0.0,5,1635.0,买盘
10:34:17,3.27,0.0,50,16350.0,买盘
10:34:20,3.26,-0.010000000000000231,1019,332194.0,卖盘
10:34:33,3.26,0.0,20,6520.0,卖盘
10:34:36,3.26,0.0,10,3260.0,卖盘
10:34:39,3.26,0.0,381,124586.0,卖盘
10:34:42,3.26,0.0,39,12714.0,卖盘
10:34:45,3.27,0.010000000000000231,15,4905.0,买盘
10:34:51,3.26,-0.010000000000000231,1,326.0,卖盘
10:34:54,3.26,0.0,17,5542.0,卖盘
10:35:04,3.27,0.010000000000000231,104,34004.0,买盘
10:35:11,3.27,0.0,105,34235.0,买盘
10:35:14,3.27,0.0,26,8502.0,买盘
10:35:17,3.26,-0.010000000000000231,8,2613.0,卖盘
10:35:24,3.26,0.0,669,218100.0,卖盘
10:35:42,3.26,0.0,4,1304.0,卖盘
10:35:48,3.27,0.010000000000000231,6,1962.0,买盘
10:35:51,3.27,0.0,1,327.0,买盘
10:35:58,3.26,-0.010000000000000231,6,1956.0,卖盘
10:36:01,3.26,0.0,9,2934.0,卖盘
10:36:11,3.26,0.0,11,3586.0,卖盘
10:36:17,3.26,0.0,3,980.0,卖盘
10:36:20,3.26,0.0,7,2286.0,卖盘
10:36:24,3.26,0.0,19,6197.0,卖盘
10:36:27,3.26,0.0,16,5216.0,卖盘
10:36:30,3.27,0.010000000000000231,149,48723.0,买盘
10:36:33,3.27,0.0,306,99913.0,买盘
10:36:36,3.27,0.0,455,148785.0,买盘
10:36:42,3.28,0.009999999999999787,19,6217.0,买盘
10:36:49,3.28,0.0,2,656.0,买盘
10:36:52,3.28,0.0,1,328.0,买盘
10:37:08,3.28,0.0,10,3280.0,买盘
10:37:24,3.27,-0.009999999999999787,4,1308.0,卖盘
10:37:27,3.27,0.0,1,327.0,卖盘
10:37:33,3.27,0.0,7,2289.0,卖盘
10:37:36,3.28,0.009999999999999787,2,656.0,买盘
10:37:39,3.27,-0.009999999999999787,1,327.0,卖盘
10:37:46,3.28,0.009999999999999787,56,18368.0,买盘
10:37:56,3.28,0.0,56,18368.0,买盘
10:37:59,3.28,0.0,31,10168.0,买盘
10:38:11,3.27,-0.009999999999999787,125,40925.0,卖盘
10:38:15,3.27,0.0,8,2616.0,卖盘
10:38:21,3.28,0.009999999999999787,58,19024.0,买盘
10:38:30,3.28,0.0,272,89096.0,买盘
10:38:33,3.27,-0.009999999999999787,21,6867.0,卖盘
10:38:39,3.28,0.009999999999999787,60,19676.0,买盘
10:38:46,3.27,-0.009999999999999787,53,17366.0,卖盘
10:38:49,3.27,0.0,163,53417.0,卖盘
10:38:56,3.28,0.009999999999999787,20,6560.0,买盘
10:38:59,3.28,0.0,4,1312.0,买盘
10:39:11,3.27,-0.009999999999999787,5,1635.0,卖盘
10:39:15,3.28,0.009999999999999787,2,656.0,买盘
10:39:18,3.27,-0.009999999999999787,50,16351.0,卖盘
10:39:21,3.28,0.009999999999999787,4,1312.0,买盘
10:39:24,3.28,0.0,2,655.0,买盘
10:39:30,3.28,0.0,72,23568.0,买盘
10:39:33,3.28,0.0,22,7196.0,买盘
10:39:46,3.28,0.0,5,1640.0,买盘
10:39:49,3.28,0.0,22,7216.0,买盘
10:39:53,3.27,-0.009999999999999787,914,298880.0,卖盘
10:39:56,3.28,0.009999999999999787,1418,465103.0,买盘
10:39:59,3.28,0.0,284,93152.0,买盘
10:40:02,3.28,0.0,10,3280.0,卖盘
10:40:05,3.28,0.0,14,4592.0,卖盘
10:40:08,3.28,0.0,95,31160.0,卖盘
10:40:12,3.28,0.0,69,22690.0,卖盘
10:40:15,3.28,0.0,10,3280.0,卖盘
10:40:18,3.28,0.0,1,328.0,卖盘
10:40:24,3.28,0.0,108,35424.0,卖盘
10:40:27,3.28,0.0,1,328.0,卖盘
10:40:30,3.28,0.0,1,328.0,卖盘
10:40:40,3.28,0.0,179,58712.0,卖盘
10:40:43,3.28,0.0,4,1312.0,卖盘
10:40:46,3.28,0.0,69,22632.0,卖盘
10:41:02,3.28,0.0,17,5576.0,买盘
10:41:15,3.27,-0.009999999999999787,5,1635.0,卖盘
10:41:21,3.28,0.009999999999999787,1,328.0,买盘
10:41:24,3.28,0.0,10,3280.0,买盘
10:41:30,3.28,0.0,8,2624.0,买盘
10:41:33,3.28,0.0,4,1312.0,买盘
10:41:37,3.28,0.0,1,328.0,买盘
10:41:53,3.28,0.0,1,328.0,买盘
10:41:59,3.27,-0.009999999999999787,10,3270.0,卖盘
10:42:02,3.27,0.0,76,24858.0,卖盘
10:42:06,3.27,0.0,55,17985.0,卖盘
10:42:12,3.28,0.009999999999999787,20,6560.0,买盘
10:42:15,3.27,-0.009999999999999787,6,1962.0,卖盘
10:42:18,3.28,0.009999999999999787,1,328.0,买盘
10:42:21,3.28,0.0,65,21320.0,买盘
10:42:24,3.28,0.0,178,58384.0,买盘
10:42:27,3.27,-0.009999999999999787,24,7861.0,卖盘
10:42:30,3.28,0.009999999999999787,51,16728.0,买盘
10:42:34,3.28,0.0,11,3598.0,买盘
10:42:43,3.28,0.0,1,328.0,买盘
10:42:50,3.27,-0.009999999999999787,157,51339.0,卖盘
10:42:56,3.28,0.009999999999999787,500,164000.0,买盘
10:42:59,3.28,0.0,4,1312.0,买盘
10:43:18,3.28,0.0,2,656.0,买盘
10:43:24,3.28,0.0,3,984.0,买盘
10:43:28,3.28,0.0,5,1640.0,买盘
10:43:31,3.27,-0.009999999999999787,234,76522.0,卖盘
10:43:44,3.27,0.0,2,654.0,卖盘
10:43:50,3.28,0.009999999999999787,20,6560.0,买盘
10:43:56,3.28,0.0,300,98400.0,买盘
10:44:15,3.27,-0.009999999999999787,119,39029.0,卖盘
10:44:18,3.28,0.009999999999999787,113,37034.0,买盘
10:44:21,3.28,0.0,211,69208.0,买盘
10:44:25,3.27,-0.009999999999999787,18,5891.0,卖盘
10:44:28,3.28,0.009999999999999787,182,59696.0,买盘
10:44:31,3.28,0.0,73,23944.0,卖盘
10:44:34,3.28,0.0,4,1312.0,卖盘
10:44:50,3.28,0.0,46,15052.0,买盘
10:44:53,3.28,0.0,35,11474.0,买盘
10:44:57,3.27,-0.009999999999999787,18,5886.0,卖盘
10:45:03,3.28,0.009999999999999787,135,44280.0,买盘
10:45:12,3.27,-0.009999999999999787,59,19347.0,卖盘
10:45:18,3.28,0.009999999999999787,120,39360.0,买盘
10:45:21,3.27,-0.009999999999999787,150,49050.0,卖盘
10:45:35,3.28,0.009999999999999787,1,328.0,买盘
10:45:38,3.27,-0.009999999999999787,1,327.0,卖盘
10:45:41,3.27,0.0,12,3924.0,卖盘
10:45:50,3.28,0.009999999999999787,58,19024.0,买盘
10:45:53,3.27,-0.009999999999999787,1,327.0,卖盘
10:46:00,3.28,0.009999999999999787,4,1312.0,买盘
10:46:06,3.28,0.0,3,984.0,买盘
10:46:12,3.28,0.0,6,1968.0,买盘
10:46:25,3.28,0.0,1,328.0,买盘
10:46:28,3.27,-0.009999999999999787,5,1635.0,卖盘
10:46:31,3.28,0.009999999999999787,138,45264.0,买盘
10:46:38,3.28,0.0,10,3280.0,买盘
10:46:44,3.28,0.0,50,16400.0,买盘
10:46:57,3.28,0.0,5,1640.0,买盘
10:47:06,3.28,0.0,94,30832.0,买盘
10:47:09,3.27,-0.009999999999999787,25,8175.0,卖盘
10:47:12,3.27,0.0,69,22563.0,卖盘
10:47:22,3.28,0.009999999999999787,99,32472.0,买盘
10:47:29,3.27,-0.009999999999999787,54,17697.0,卖盘
10:47:38,3.27,0.0,2,654.0,卖盘
10:47:44,3.28,0.009999999999999787,8,2624.0,买盘
10:47:48,3.27,-0.009999999999999787,11,3605.0,卖盘
10:47:51,3.27,0.0,1,327.0,卖盘
10:47:54,3.28,0.009999999999999787,15,4920.0,买盘
10:47:57,3.27,-0.009999999999999787,50,16350.0,卖盘
10:48:00,3.27,0.0,1,327.0,卖盘
10:48:06,3.28,0.009999999999999787,181,59354.0,买盘
10:48:09,3.27,-0.009999999999999787,171,55918.0,卖盘
10:48:22,3.27,0.0,110,35970.0,卖盘
10:48:35,3.27,0.0,610,199470.0,卖盘
10:48:38,3.27,0.0,118,38586.0,卖盘
10:48:41,3.27,0.0,2,654.0,卖盘
10:48:45,3.27,0.0,10,3270.0,卖盘
10:48:54,3.27,0.0,50,16350.0,卖盘
10:48:57,3.27,0.0,70,22890.0,卖盘
10:49:00,3.27,0.0,1,327.0,卖盘
10:49:03,3.27,0.0,10,3270.0,卖盘
10:49:06,3.27,0.0,3,981.0,卖盘
10:49:10,3.27,0.0,4,1308.0,卖盘
10:49:13,3.27,0.0,52,17004.0,卖盘
10:49:16,3.27,0.0,5,1635.0,卖盘
10:49:20,3.27,0.0,31,10138.0,卖盘
10:49:26,3.27,0.0,370,120990.0,卖盘
10:49:29,3.27,0.0,8,2616.0,买盘
10:49:32,3.27,0.0,61,19947.0,买盘
10:49:35,3.28,0.009999999999999787,3,982.0,买盘
10:49:39,3.27,-0.009999999999999787,208,68216.0,卖盘
10:49:51,3.27,0.0,92,30084.0,卖盘
10:49:54,3.27,0.0,624,204047.99999999255,买盘
10:50:03,3.27,0.0,9,2943.0,卖盘
10:50:07,3.27,0.0,26,8502.0,卖盘
10:50:17,3.27,0.0,500,163500.0,卖盘
10:50:20,3.27,0.0,20,6540.0,卖盘
10:50:23,3.28,0.009999999999999787,370,121160.0,买盘
10:50:29,3.27,-0.009999999999999787,82,26814.0,卖盘
10:50:39,3.27,0.0,1,327.0,卖盘
10:50:45,3.28,0.009999999999999787,3,984.0,买盘
10:50:48,3.27,-0.009999999999999787,195,63756.0,卖盘
10:50:51,3.27,0.0,240,78480.0,买盘
10:50:54,3.28,0.009999999999999787,7,2296.0,买盘
10:51:04,3.27,-0.009999999999999787,9,2943.0,卖盘
10:51:07,3.27,0.0,7,2289.0,卖盘
10:51:10,3.27,0.0,25,8175.0,买盘
10:51:23,3.27,0.0,28,9156.0,卖盘
10:51:33,3.27,0.0,102,33356.0,卖盘
10:51:45,3.27,0.0,237,77499.0,卖盘
10:51:48,3.27,0.0,25,8175.0,买盘
10:52:08,3.27,0.0,300,98100.0,买盘
10:52:11,3.26,-0.010000000000000231,10,3260.0,卖盘
10:52:14,3.27,0.010000000000000231,188,61476.0,买盘
10:52:17,3.27,0.0,3,981.0,卖盘
10:52:23,3.27,0.0,45,14715.0,卖盘
10:52:27,3.27,0.0,23,7521.0,买盘
10:52:30,3.27,0.0,27,8829.0,买盘
10:52:33,3.27,0.0,5,1635.0,买盘
10:52:39,3.27,0.0,27,8829.0,买盘
10:52:42,3.27,0.0,15,4905.0,买盘
10:53:08,3.26,-0.010000000000000231,25,8150.0,卖盘
10:53:11,3.26,0.0,13,4238.0,卖盘
10:53:14,3.26,0.0,18,5872.0,卖盘
10:53:27,3.26,0.0,1,326.0,卖盘
10:53:42,3.27,0.010000000000000231,213,69651.0,买盘
10:53:52,3.27,0.0,4,1308.0,买盘
10:53:55,3.26,-0.010000000000000231,67,21895.0,卖盘
10:53:58,3.27,0.010000000000000231,13,4251.0,买盘
10:54:11,3.27,0.0,4,1308.0,买盘
10:54:14,3.26,-0.010000000000000231,2,652.0,卖盘
10:54:21,3.27,0.010000000000000231,41,13407.0,买盘
10:54:36,3.27,0.0,10,3269.0,买盘
10:55:05,3.26,-0.010000000000000231,24,7824.0,卖盘
10:55:08,3.26,0.0,21,6846.0,卖盘
10:55:11,3.26,0.0,30,9780.0,卖盘
10:55:18,3.27,0.010000000000000231,4,1308.0,买盘
10:55:27,3.26,-0.010000000000000231,339,110514.0,卖盘
10:55:30,3.26,0.0,100,32600.0,卖盘
10:55:33,3.26,0.0,5,1630.0,卖盘
10:55:43,3.26,0.0,66,21516.0,卖盘
10:55:56,3.27,0.010000000000000231,72,23544.0,买盘
10:56:02,3.27,0.0,4,1308.0,买盘
10:56:08,3.26,-0.010000000000000231,41,13366.0,卖盘
10:56:12,3.26,0.0,4,1304.0,卖盘
10:56:21,3.27,0.010000000000000231,80,26082.0,买盘
10:56:24,3.26,-0.010000000000000231,204,66512.0,卖盘
10:56:27,3.26,0.0,20,6520.0,卖盘
10:56:40,3.27,0.010000000000000231,3,981.0,买盘
10:56:43,3.26,-0.010000000000000231,6,1960.0,卖盘
10:56:56,3.26,0.0,2,652.0,卖盘
10:56:59,3.26,0.0,79,25754.0,卖盘
10:57:02,3.26,0.0,60,19560.0,卖盘
10:57:05,3.27,0.010000000000000231,2,654.0,买盘
10:57:12,3.27,0.0,8,2616.0,买盘
10:57:18,3.26,-0.010000000000000231,30,9780.0,卖盘
10:57:21,3.26,0.0,20,6520.0,卖盘
10:57:24,3.27,0.010000000000000231,24,7836.0,买盘
10:57:27,3.26,-0.010000000000000231,49,15974.0,卖盘
10:57:30,3.27,0.010000000000000231,60,19610.0,买盘
10:57:47,3.26,-0.010000000000000231,29,9463.0,卖盘
10:57:50,3.27,0.010000000000000231,14,4578.0,买盘
10:57:53,3.27,0.0,8,2615.0,买盘
10:58:02,3.27,0.0,311,101697.0,买盘
10:58:06,3.26,-0.010000000000000231,45,14714.0,卖盘
10:58:09,3.26,0.0,106,34574.0,卖盘
10:58:12,3.27,0.010000000000000231,100,32700.0,买盘
10:58:15,3.27,0.0,5,1635.0,买盘
10:58:18,3.27,0.0,3,981.0,买盘
10:58:21,3.26,-0.010000000000000231,116,37832.0,卖盘
10:58:24,3.26,0.0,32,10433.0,卖盘
10:58:27,3.26,0.0,17,5542.0,卖盘
10:58:34,3.27,0.010000000000000231,20,6540.0,买盘
10:58:37,3.27,0.0,6,1962.0,买盘
10:58:40,3.26,-0.010000000000000231,68,22176.0,卖盘
10:58:47,3.27,0.010000000000000231,4,1308.0,买盘
10:58:53,3.26,-0.010000000000000231,19,6210.0,卖盘
10:58:56,3.27,0.010000000000000231,8,2616.0,买盘
10:58:59,3.27,0.0,8,2616.0,买盘
10:59:06,3.27,0.0,505,165085.0,买盘
10:59:09,3.26,-0.010000000000000231,25,8150.0,卖盘
10:59:12,3.26,0.0,1,326.0,卖盘
10:59:15,3.27,0.010000000000000231,16,5232.0,买盘
10:59:18,3.27,0.0,94,30738.0,买盘
10:59:21,3.27,0.0,2,654.0,买盘
10:59:24,3.27,0.0,3,981.0,买盘
10:59:28,3.27,0.0,1,327.0,买盘
10:59:31,3.27,0.0,9,2943.0,买盘
10:59:37,3.26,-0.010000000000000231,4,1304.0,卖盘
10:59:41,3.27,0.010000000000000231,30,9810.0,买盘
10:59:44,3.26,-0.010000000000000231,14,4564.0,卖盘
10:59:50,3.27,0.010000000000000231,8,2616.0,买盘
10:59:53,3.27,0.0,10,3270.0,买盘
11:00:03,3.27,0.0,6,1962.0,买盘
11:00:06,3.27,0.0,20,6540.0,买盘
11:00:12,3.26,-0.010000000000000231,82,26740.0,卖盘
11:00:15,3.27,0.010000000000000231,271,88617.0,买盘
11:00:18,3.27,0.0,23,7499.0,买盘
11:00:24,3.27,0.0,10,3268.0,买盘
11:00:38,3.27,0.0,6,1962.0,买盘
11:00:41,3.27,0.0,66,21552.0,买盘
11:00:47,3.27,0.0,508,165616.0,买盘
11:00:53,3.27,0.0,319,104313.0,买盘
11:00:56,3.27,0.0,11,3597.0,买盘
11:01:00,3.27,0.0,1,327.0,买盘
11:01:03,3.27,0.0,66,21582.0,买盘
11:01:12,3.27,0.0,8,2616.0,买盘
11:01:15,3.26,-0.010000000000000231,2,652.0,卖盘
11:01:21,3.27,0.010000000000000231,4,1308.0,买盘
11:01:25,3.27,0.0,18,5886.0,买盘
11:01:35,3.26,-0.010000000000000231,30,9780.0,卖盘
11:01:41,3.26,0.0,500,163000.0,卖盘
11:01:44,3.26,0.0,1,326.0,卖盘
11:01:47,3.26,0.0,174,56724.0,卖盘
11:01:57,3.27,0.010000000000000231,1,327.0,买盘
11:02:06,3.27,0.0,200,65400.0,买盘
11:02:09,3.26,-0.010000000000000231,28,9128.0,卖盘
11:02:15,3.27,0.010000000000000231,7,2289.0,买盘
11:02:19,3.26,-0.010000000000000231,10,3260.0,卖盘
11:02:25,3.26,0.0,5,1630.0,卖盘
11:02:41,3.27,0.010000000000000231,20,6540.0,买盘
11:02:47,3.26,-0.010000000000000231,22,7172.0,卖盘
11:02:51,3.26,0.0,10,3260.0,卖盘
11:02:54,3.26,0.0,6,1960.0,卖盘
11:02:57,3.26,0.0,2,652.0,卖盘
11:03:03,3.27,0.010000000000000231,8,2616.0,买盘
11:03:09,3.27,0.0,7,2289.0,买盘
11:03:16,3.27,0.0,42,13734.0,买盘
11:03:25,3.26,-0.010000000000000231,2,652.0,卖盘
11:03:29,3.27,0.010000000000000231,80,26160.0,买盘
11:03:32,3.26,-0.010000000000000231,1,326.0,卖盘
11:03:35,3.27,0.010000000000000231,8,2616.0,买盘
11:03:44,3.27,0.0,6,1962.0,买盘
11:03:48,3.27,0.0,1,327.0,买盘
11:03:54,3.27,0.0,8,2616.0,买盘
11:03:57,3.26,-0.010000000000000231,7,2282.0,卖盘
11:04:06,3.26,0.0,50,16300.0,卖盘
11:04:09,3.27,0.010000000000000231,15,4905.0,买盘
11:04:12,3.26,-0.010000000000000231,83,27068.0,卖盘
11:04:16,3.26,0.0,55,17930.0,卖盘
11:04:26,3.27,0.010000000000000231,8,2616.0,买盘
11:04:32,3.26,-0.010000000000000231,756,246456.0,卖盘
11:04:35,3.27,0.010000000000000231,110,35970.0,买盘
11:04:38,3.26,-0.010000000000000231,148,48248.0,卖盘
11:04:45,3.26,0.0,358,116708.0,卖盘
11:04:48,3.26,0.0,1,326.0,卖盘
11:04:51,3.26,0.0,5,1630.0,卖盘
11:04:54,3.26,0.0,51,16626.0,卖盘
11:05:00,3.26,0.0,16,5216.0,卖盘
11:05:03,3.27,0.010000000000000231,10,3270.0,买盘
11:05:06,3.26,-0.010000000000000231,35,11410.0,卖盘
11:05:19,3.26,0.0,231,75306.0,卖盘
11:05:29,3.26,0.0,1,326.0,卖盘
11:05:32,3.27,0.010000000000000231,6,1962.0,买盘
11:05:42,3.26,-0.010000000000000231,11,3586.0,卖盘
11:05:51,3.26,0.0,2,652.0,卖盘
11:05:54,3.26,0.0,1,326.0,卖盘
11:05:57,3.26,0.0,1,326.0,卖盘
11:06:00,3.26,0.0,1,326.0,卖盘
11:06:03,3.26,0.0,6,1956.0,卖盘
11:06:09,3.26,0.0,57,18582.0,卖盘
11:06:13,3.26,0.0,485,158071.0,卖盘
11:06:16,3.26,0.0,203,66178.0,买盘
11:06:20,3.26,0.0,287,93562.0,买盘
11:06:23,3.26,0.0,124,40424.0,买盘
11:06:26,3.26,0.0,1,326.0,买盘
11:06:29,3.25,-0.009999999999999787,20,6506.0,卖盘
11:06:32,3.25,0.0,60,19500.0,卖盘
11:06:35,3.26,0.009999999999999787,349,113774.0,买盘
11:06:42,3.26,0.0,1,326.0,买盘
11:07:00,3.25,-0.009999999999999787,1,325.0,卖盘
11:07:07,3.25,0.0,64,20800.0,卖盘
11:07:10,3.26,0.009999999999999787,1,326.0,买盘
11:07:17,3.26,0.0,1,326.0,买盘
11:07:39,3.26,0.0,201,65326.0,买盘
11:07:48,3.25,-0.009999999999999787,40,13000.0,卖盘
11:07:51,3.25,0.0,13,4235.0,卖盘
11:07:54,3.25,0.0,17,5533.0,卖盘
11:07:57,3.25,0.0,1,325.0,卖盘
11:08:00,3.25,0.0,2163,702975.0,卖盘
11:08:07,3.25,0.0,26,8450.0,卖盘
11:08:10,3.25,0.0,56,18200.0,卖盘
11:08:20,3.25,0.0,196,63700.0,卖盘
11:08:23,3.25,0.0,90,29250.0,买盘
11:08:26,3.25,0.0,1,325.0,买盘
11:08:36,3.25,0.0,61,19825.0,买盘
11:08:45,3.26,0.009999999999999787,3450,1122095.0,买盘
11:08:48,3.26,0.0,92,29982.0,买盘
11:08:54,3.26,0.0,11,3576.0,买盘
11:08:58,3.26,0.0,13,4238.0,买盘
11:09:04,3.25,-0.009999999999999787,150,48750.0,卖盘
11:09:07,3.26,0.009999999999999787,1,326.0,买盘
11:09:11,3.26,0.0,8,2608.0,买盘
11:09:17,3.25,-0.009999999999999787,90,29250.0,卖盘
11:09:20,3.26,0.009999999999999787,10,3260.0,买盘
11:09:26,3.26,0.0,11,3581.0,买盘
11:09:30,3.25,-0.009999999999999787,2,650.0,卖盘
11:09:33,3.25,0.0,2,650.0,卖盘
11:09:39,3.26,0.009999999999999787,1,326.0,买盘
11:09:42,3.25,-0.009999999999999787,139,45175.0,卖盘
11:09:45,3.26,0.009999999999999787,333,108426.0,买盘
11:09:48,3.26,0.0,9,2934.0,买盘
11:09:51,3.26,0.0,1,326.0,买盘
11:10:01,3.25,-0.009999999999999787,34,11050.0,卖盘
11:10:07,3.27,0.020000000000000018,8,2615.0,买盘
11:10:17,3.26,-0.010000000000000231,11,3586.0,买盘
11:10:20,3.26,0.0,2,652.0,卖盘
11:10:26,3.26,0.0,18,5876.0,卖盘
11:10:36,3.26,0.0,104,33904.0,卖盘
11:10:39,3.26,0.0,2,652.0,卖盘
11:10:42,3.27,0.010000000000000231,6,1962.0,买盘
11:10:45,3.26,-0.010000000000000231,50,16300.0,卖盘
11:10:51,3.27,0.010000000000000231,137,44665.0,买盘
11:11:01,3.26,-0.010000000000000231,7,2282.0,卖盘
11:11:04,3.26,0.0,30,9780.0,卖盘
11:11:08,3.26,0.0,27,8802.0,卖盘
11:11:23,3.26,0.0,51,16626.0,卖盘
11:11:27,3.27,0.010000000000000231,8,2616.0,买盘
11:11:30,3.26,-0.010000000000000231,2,652.0,卖盘
11:11:39,3.26,0.0,9,2934.0,卖盘
11:12:02,3.27,0.010000000000000231,7,2289.0,买盘
11:12:05,3.26,-0.010000000000000231,227,73997.0,卖盘
11:12:08,3.26,0.0,88,28688.0,买盘
11:12:11,3.26,0.0,41,13349.0,买盘
11:12:14,3.26,0.0,48,15648.0,买盘
11:12:17,3.26,0.0,2,652.0,买盘
11:12:21,3.26,0.0,18,5853.0,买盘
11:12:24,3.26,0.0,51,16626.0,买盘
11:12:27,3.26,0.0,19,6194.0,买盘
11:12:30,3.25,-0.009999999999999787,10,3250.0,卖盘
11:12:36,3.26,0.009999999999999787,1,326.0,买盘
11:12:42,3.26,0.0,1,326.0,买盘
11:12:46,3.25,-0.009999999999999787,1,325.0,卖盘
11:12:49,3.25,0.0,15,4875.0,卖盘
11:12:55,3.26,0.009999999999999787,4,1304.0,买盘
11:13:02,3.26,0.0,1,326.0,买盘
11:13:21,3.26,0.0,2,652.0,买盘
11:13:24,3.26,0.0,1,326.0,买盘
11:13:27,3.26,0.0,268,87368.0,买盘
11:13:30,3.26,0.0,6,1956.0,买盘
11:13:33,3.25,-0.009999999999999787,51,16575.0,卖盘
11:13:36,3.26,0.009999999999999787,10,3260.0,买盘
11:13:43,3.26,0.0,1,326.0,买盘
11:13:46,3.25,-0.009999999999999787,55,17910.0,卖盘
11:13:49,3.26,0.009999999999999787,2,652.0,买盘
11:13:52,3.25,-0.009999999999999787,6,1953.0,卖盘
11:13:56,3.25,0.0,2,650.0,卖盘
11:14:05,3.25,0.0,96,31200.0,卖盘
11:14:08,3.25,0.0,26,8450.0,卖盘
11:14:18,3.26,0.009999999999999787,100,32600.0,买盘
11:14:21,3.26,0.0,76,24776.0,买盘
11:14:24,3.25,-0.009999999999999787,11,3576.0,卖盘
11:14:27,3.26,0.009999999999999787,15,4890.0,买盘
11:14:30,3.26,0.0,7,2282.0,买盘
11:14:43,3.26,0.0,256,83456.0,买盘
11:15:02,3.26,0.0,31,10106.0,买盘
11:15:08,3.25,-0.009999999999999787,85,27625.0,卖盘
11:15:15,3.26,0.009999999999999787,9,2934.0,买盘
11:15:18,3.26,0.0,19,6194.0,买盘
11:15:21,3.26,0.0,52,16952.0,买盘
11:15:24,3.26,0.0,24,7824.0,买盘
11:15:27,3.26,0.0,23,7498.0,买盘
11:15:30,3.26,0.0,1,326.0,买盘
11:15:33,3.26,0.0,55,17901.0,买盘
11:15:37,3.26,0.0,2,652.0,买盘
11:15:46,3.26,0.0,8,2608.0,买盘
11:15:50,3.26,0.0,4,1304.0,买盘
11:16:09,3.26,0.0,9,2934.0,买盘
11:16:15,3.26,0.0,10,3260.0,买盘
11:16:18,3.25,-0.009999999999999787,37,12025.0,卖盘
11:16:21,3.26,0.009999999999999787,306,99756.0,买盘
11:16:24,3.26,0.0,11,3586.0,买盘
11:16:33,3.26,0.0,2,652.0,买盘
11:16:46,3.25,-0.009999999999999787,1,325.0,卖盘
11:16:50,3.26,0.009999999999999787,1,326.0,买盘
11:16:53,3.26,0.0,2,651.0,买盘
11:17:05,3.26,0.0,6,1956.0,买盘
11:17:09,3.26,0.0,412,134286.0,买盘
11:17:12,3.26,0.0,206,67156.0,买盘
11:17:15,3.26,0.0,53,17278.0,买盘
11:17:18,3.26,0.0,205,66830.0,买盘
11:17:21,3.26,0.0,45,14670.0,买盘
11:17:24,3.26,0.0,15,4890.0,买盘
11:17:30,3.25,-0.009999999999999787,18,5850.0,卖盘
11:17:33,3.25,0.0,8,2600.0,卖盘
11:17:37,3.26,0.009999999999999787,5,1630.0,买盘
11:17:47,3.26,0.0,200,65200.0,买盘
11:17:50,3.26,0.0,1,326.0,买盘
11:17:53,3.26,0.0,99,32274.0,买盘
11:17:56,3.26,0.0,14,4564.0,买盘
11:18:02,3.25,-0.009999999999999787,10,3250.0,卖盘
11:18:06,3.26,0.009999999999999787,28,9128.0,买盘
11:18:09,3.26,0.0,11,3586.0,买盘
11:18:12,3.26,0.0,6,1956.0,买盘
11:18:15,3.26,0.0,50,16300.0,买盘
11:18:18,3.26,0.0,1,326.0,买盘
11:18:21,3.26,0.0,90,29340.0,买盘
11:18:24,3.26,0.0,54,17604.0,卖盘
11:18:27,3.26,0.0,219,71394.0,买盘
11:18:31,3.26,0.0,9,2934.0,买盘
11:18:34,3.26,0.0,5,1630.0,买盘
11:18:37,3.26,0.0,10,3260.0,买盘
11:18:40,3.26,0.0,29,9454.0,买盘
11:18:44,3.26,0.0,3,978.0,买盘
11:18:47,3.26,0.0,3,978.0,买盘
11:18:50,3.26,0.0,14,4564.0,买盘
11:18:56,3.26,0.0,8,2608.0,买盘
11:19:06,3.26,0.0,8,2608.0,买盘
11:19:12,3.25,-0.009999999999999787,25,8125.0,卖盘
11:19:18,3.26,0.009999999999999787,1,326.0,买盘
11:19:21,3.26,0.0,1,326.0,买盘
11:19:25,3.26,0.0,235,76610.0,买盘
11:19:28,3.26,0.0,72,23473.0,卖盘
11:19:38,3.25,-0.009999999999999787,4,1300.0,卖盘
11:19:41,3.26,0.009999999999999787,13,4238.0,买盘
11:19:44,3.25,-0.009999999999999787,30,9750.0,卖盘
11:19:47,3.26,0.009999999999999787,1,326.0,买盘
11:19:50,3.26,0.0,8,2608.0,买盘
11:19:53,3.26,0.0,19,6178.0,买盘
11:20:00,3.26,0.0,9,2934.0,买盘
11:20:03,3.26,0.0,1,326.0,买盘
11:20:06,3.26,0.0,8,2608.0,买盘
11:20:09,3.26,0.0,30,9754.0,买盘
11:20:18,3.26,0.0,20,6520.0,买盘
11:20:41,3.26,0.0,12,3912.0,买盘
11:20:50,3.25,-0.009999999999999787,10,3250.0,卖盘
11:20:54,3.26,0.009999999999999787,30,9780.0,买盘
11:21:09,3.25,-0.009999999999999787,51,16625.0,卖盘
11:21:19,3.25,0.0,37,12025.0,卖盘
11:21:21,3.26,0.009999999999999787,1,326.0,买盘
11:21:25,3.25,-0.009999999999999787,32,10402.0,卖盘
11:21:32,3.26,0.009999999999999787,8,2608.0,买盘
11:21:38,3.26,0.0,1,326.0,买盘
11:21:41,3.26,0.0,9,2934.0,买盘
11:21:48,3.26,0.0,12,3912.0,买盘
11:21:51,3.26,0.0,12,3912.0,买盘
11:21:54,3.25,-0.009999999999999787,50,16250.0,卖盘
11:22:03,3.25,0.0,2,650.0,卖盘
11:22:09,3.25,0.0,164,53308.0,卖盘
11:22:12,3.25,0.0,10,3250.0,卖盘
11:22:16,3.25,0.0,22,7154.0,卖盘
11:22:35,3.26,0.009999999999999787,37,12062.0,买盘
11:22:38,3.26,0.0,59,19234.0,买盘
11:22:41,3.26,0.0,1,326.0,买盘
11:22:45,3.26,0.0,7,2277.0,买盘
11:22:48,3.26,0.0,7,2282.0,买盘
11:22:57,3.25,-0.009999999999999787,7,2275.0,卖盘
11:23:00,3.26,0.009999999999999787,8,2608.0,买盘
11:23:06,3.25,-0.009999999999999787,25,8125.0,卖盘
11:23:10,3.26,0.009999999999999787,1,326.0,买盘
11:23:13,3.25,-0.009999999999999787,10,3250.0,卖盘
11:23:26,3.26,0.009999999999999787,4,1304.0,买盘
11:23:35,3.25,-0.009999999999999787,27,8775.0,卖盘
11:23:48,3.25,0.0,71,23075.0,卖盘
11:23:54,3.26,0.009999999999999787,3,978.0,买盘
11:24:00,3.25,-0.009999999999999787,53,17229.0,卖盘
11:24:07,3.26,0.009999999999999787,58,18908.0,买盘
11:24:10,3.26,0.0,8,2608.0,买盘
11:24:20,3.26,0.0,2,652.0,买盘
11:24:26,3.26,0.0,75,24449.0,买盘
11:24:29,3.26,0.0,9,2934.0,买盘
11:24:32,3.26,0.0,78,25428.0,买盘
11:24:36,3.26,0.0,1,326.0,买盘
11:24:39,3.26,0.0,3,978.0,买盘
11:24:42,3.25,-0.009999999999999787,192,62580.0,卖盘
11:24:51,3.26,0.009999999999999787,9,2929.0,买盘
11:24:54,3.25,-0.009999999999999787,6,1950.0,卖盘
11:24:57,3.25,0.0,8,2600.0,卖盘
11:25:00,3.26,0.009999999999999787,14,4558.0,买盘
11:25:07,3.26,0.0,4,1304.0,买盘
11:25:14,3.26,0.0,3,978.0,买盘
11:25:17,3.25,-0.009999999999999787,6,1953.0,卖盘
11:25:20,3.25,0.0,67,21775.0,卖盘
11:25:23,3.25,0.0,10,3250.0,卖盘
11:25:26,3.25,0.0,11,3578.0,卖盘
11:25:29,3.26,0.009999999999999787,1,326.0,买盘
11:25:33,3.26,0.0,1,326.0,买盘
11:25:48,3.25,-0.009999999999999787,380,123504.0,卖盘
11:25:58,3.25,0.0,19,6175.0,卖盘
11:26:07,3.25,0.0,27,8775.0,卖盘
11:26:14,3.25,0.0,1,325.0,卖盘
11:26:26,3.26,0.009999999999999787,4,1304.0,买盘
11:26:33,3.26,0.0,2,652.0,买盘
11:26:36,3.25,-0.009999999999999787,67,21775.0,卖盘
11:26:39,3.25,0.0,5,1625.0,卖盘
11:26:42,3.26,0.009999999999999787,10,3260.0,买盘
11:26:45,3.26,0.0,169,54927.0,买盘
11:26:48,3.25,-0.009999999999999787,2,650.0,卖盘
11:26:55,3.25,0.0,56,18246.0,卖盘
11:26:58,3.25,0.0,23,7475.0,卖盘
11:27:04,3.26,0.009999999999999787,4,1303.0,买盘
11:27:08,3.25,-0.009999999999999787,45,14625.0,卖盘
11:27:11,3.26,0.009999999999999787,14,4564.0,买盘
11:27:20,3.26,0.0,29,9454.0,买盘
11:27:24,3.25,-0.009999999999999787,83,27005.0,卖盘
11:27:27,3.26,0.009999999999999787,1,326.0,买盘
11:27:30,3.26,0.0,4,1304.0,买盘
11:27:36,3.25,-0.009999999999999787,48,15600.0,卖盘
11:27:39,3.25,0.0,1,325.0,卖盘
11:27:52,3.26,0.009999999999999787,2,652.0,买盘
11:27:55,3.26,0.0,25,8150.0,买盘
11:27:58,3.26,0.0,2,652.0,买盘
11:28:01,3.26,0.0,120,39120.0,买盘
11:28:05,3.26,0.0,732,238616.0,买盘
11:28:08,3.26,0.0,49,15974.0,买盘
11:28:11,3.26,0.0,4,1304.0,买盘
11:28:14,3.26,0.0,318,103668.0,买盘
11:28:17,3.26,0.0,2,652.0,卖盘
11:28:21,3.26,0.0,43,14018.0,卖盘
11:28:27,3.26,0.0,4,1304.0,卖盘
11:28:33,3.27,0.010000000000000231,1,327.0,买盘
11:28:36,3.26,-0.010000000000000231,140,45640.0,卖盘
11:28:49,3.27,0.010000000000000231,6,1962.0,买盘
11:29:02,3.27,0.0,321,104967.0,买盘
11:29:05,3.27,0.0,2,654.0,买盘
11:29:08,3.26,-0.010000000000000231,26,8476.0,卖盘
11:29:11,3.27,0.010000000000000231,6,1962.0,买盘
11:29:18,3.27,0.0,84,27386.0,买盘
11:29:21,3.27,0.0,2,654.0,买盘
11:29:24,3.27,0.0,6,1962.0,买盘
11:29:27,3.27,0.0,1,327.0,买盘
11:29:36,3.27,0.0,64,20927.0,买盘
11:29:49,3.27,0.0,3,981.0,买盘
11:29:52,3.26,-0.010000000000000231,2,652.0,卖盘
11:29:59,3.26,0.0,8,2608.0,卖盘
13:00:02,3.26,0.0,183,59661.0,卖盘
13:00:05,3.26,0.0,821,268022.0,卖盘
13:00:09,3.27,0.010000000000000231,76,24802.0,买盘
13:00:12,3.26,-0.010000000000000231,1,326.0,卖盘
13:00:21,3.26,0.0,130,42380.0,卖盘
13:00:27,3.27,0.010000000000000231,1,327.0,买盘
13:00:30,3.27,0.0,24,7828.0,买盘
13:01:09,3.26,-0.010000000000000231,1,326.0,卖盘
13:01:12,3.27,0.010000000000000231,20,6540.0,买盘
13:01:15,3.27,0.0,5,1635.0,买盘
13:01:18,3.27,0.0,10,3270.0,买盘
13:01:21,3.27,0.0,200,65400.0,买盘
13:01:31,3.26,-0.010000000000000231,72,23472.0,卖盘
13:01:34,3.27,0.010000000000000231,1,327.0,买盘
13:01:37,3.27,0.0,1,327.0,买盘
13:01:41,3.27,0.0,200,65400.0,买盘
13:01:53,3.27,0.0,8,2616.0,买盘
13:02:09,3.27,0.0,27,8803.0,买盘
13:02:24,3.27,0.0,1,327.0,买盘
13:02:28,3.27,0.0,16,5232.0,买盘
13:02:31,3.26,-0.010000000000000231,91,29667.0,卖盘
13:02:34,3.26,0.0,181,59006.0,卖盘
13:02:38,3.27,0.010000000000000231,10,3270.0,买盘
13:02:41,3.26,-0.010000000000000231,7,2282.0,卖盘
13:02:44,3.27,0.010000000000000231,33,10791.0,买盘
13:02:47,3.27,0.0,8,2616.0,买盘
13:03:06,3.26,-0.010000000000000231,501,163326.0,卖盘
13:03:12,3.27,0.010000000000000231,8,2616.0,买盘
13:03:25,3.27,0.0,12,3924.0,买盘
13:03:38,3.27,0.0,9,2942.0,买盘
13:03:41,3.26,-0.010000000000000231,38,12388.0,卖盘
13:03:44,3.26,0.0,25,8150.0,卖盘
13:03:53,3.27,0.010000000000000231,55,17938.0,买盘
13:04:12,3.27,0.0,70,22832.0,买盘
13:04:18,3.26,-0.010000000000000231,3,978.0,卖盘
13:04:21,3.26,0.0,1,326.0,卖盘
13:04:28,3.27,0.010000000000000231,8,2616.0,买盘
13:04:31,3.26,-0.010000000000000231,150,48900.0,卖盘
13:04:38,3.26,0.0,9,2934.0,卖盘
13:04:41,3.27,0.010000000000000231,29,9472.0,买盘
13:04:44,3.27,0.0,31,10107.0,买盘
13:05:00,3.26,-0.010000000000000231,10,3260.0,卖盘
13:05:06,3.27,0.010000000000000231,2,654.0,买盘
13:05:09,3.26,-0.010000000000000231,43,14018.0,卖盘
13:05:22,3.27,0.010000000000000231,8,2616.0,买盘
13:05:28,3.27,0.0,2,654.0,买盘
13:05:32,3.27,0.0,8,2616.0,买盘
13:05:47,3.27,0.0,110,35970.0,买盘
13:05:54,3.26,-0.010000000000000231,35,11410.0,卖盘
13:05:57,3.26,0.0,1,326.0,卖盘
13:06:06,3.27,0.010000000000000231,100,32700.0,买盘
13:06:09,3.27,0.0,15,4905.0,买盘
13:06:12,3.27,0.0,8,2616.0,买盘
13:06:29,3.26,-0.010000000000000231,30,9780.0,卖盘
13:06:35,3.26,0.0,20,6520.0,卖盘
13:06:57,3.26,0.0,1,326.0,卖盘
13:07:00,3.26,0.0,35,11410.0,卖盘
13:07:03,3.26,0.0,38,12396.0,卖盘
13:07:13,3.26,0.0,22,7172.0,卖盘
13:07:16,3.26,0.0,31,10106.0,卖盘
13:07:26,3.26,0.0,13,4238.0,卖盘
13:07:29,3.26,0.0,130,42380.0,卖盘
13:07:45,3.26,0.0,25,8158.0,卖盘
13:07:48,3.26,0.0,100,32600.0,卖盘
13:07:54,3.27,0.010000000000000231,21,6867.0,买盘
13:07:57,3.27,0.0,28,9136.0,买盘
13:08:00,3.27,0.0,71,23217.0,买盘
13:08:06,3.26,-0.010000000000000231,26,8476.0,卖盘
13:08:13,3.26,0.0,1,326.0,卖盘
13:08:23,3.27,0.010000000000000231,2,654.0,买盘
13:08:26,3.26,-0.010000000000000231,105,34230.0,卖盘
13:08:29,3.27,0.010000000000000231,1,327.0,买盘
13:08:32,3.27,0.0,2,654.0,买盘
13:08:35,3.27,0.0,4,1308.0,买盘
13:08:39,3.26,-0.010000000000000231,12,3915.0,卖盘
13:08:42,3.27,0.010000000000000231,1,327.0,买盘
13:08:45,3.26,-0.010000000000000231,10,3260.0,卖盘
13:08:51,3.27,0.010000000000000231,58,18966.0,买盘
13:08:54,3.27,0.0,72,23539.0,买盘
13:08:57,3.27,0.0,15,4905.0,买盘
13:09:00,3.26,-0.010000000000000231,15,4890.0,卖盘
13:09:11,3.27,0.010000000000000231,66,21567.0,买盘
13:09:20,3.27,0.0,1,327.0,买盘
13:09:23,3.26,-0.010000000000000231,135,44010.0,卖盘
13:09:42,3.26,0.0,2,652.0,卖盘
13:09:45,3.27,0.010000000000000231,8,2616.0,买盘
13:09:48,3.26,-0.010000000000000231,10,3260.0,卖盘
13:09:51,3.26,0.0,26,8476.0,卖盘
13:09:54,3.27,0.010000000000000231,2,654.0,买盘
13:09:58,3.26,-0.010000000000000231,5,1630.0,卖盘
13:10:01,3.27,0.010000000000000231,471,154014.0,买盘
13:10:04,3.27,0.0,35,11445.0,买盘
13:10:11,3.26,-0.010000000000000231,3,978.0,卖盘
13:10:17,3.27,0.010000000000000231,1,327.0,买盘
13:10:24,3.27,0.0,15,4905.0,买盘
13:10:27,3.26,-0.010000000000000231,5,1630.0,卖盘
13:10:30,3.26,0.0,22,7172.0,卖盘
13:10:33,3.27,0.010000000000000231,208,68016.0,买盘
13:10:36,3.27,0.0,30,9801.0,买盘
13:10:39,3.27,0.0,30,9810.0,买盘
13:10:45,3.27,0.0,40,13080.0,买盘
13:10:49,3.27,0.0,4,1308.0,买盘
13:10:52,3.26,-0.010000000000000231,1,326.0,卖盘
13:10:55,3.27,0.010000000000000231,40,13080.0,买盘
13:10:59,3.27,0.0,30,9810.0,买盘
13:11:05,3.27,0.0,11,3597.0,买盘
13:11:08,3.26,-0.010000000000000231,25,8150.0,卖盘
13:11:11,3.27,0.010000000000000231,50,16324.0,买盘
13:11:15,3.27,0.0,108,35316.0,买盘
13:11:18,3.27,0.0,1082,353814.0,买盘
13:11:21,3.27,0.0,2,654.0,卖盘
13:11:24,3.28,0.009999999999999787,15,4913.0,买盘
13:11:27,3.28,0.0,3,984.0,买盘
13:11:33,3.28,0.0,1,328.0,买盘
13:11:36,3.28,0.0,3,982.0,买盘
13:11:42,3.28,0.0,41,13448.0,买盘
13:11:45,3.28,0.0,75,24600.0,买盘
13:11:49,3.28,0.0,11,3608.0,买盘
13:12:02,3.28,0.0,3,984.0,买盘
13:12:08,3.27,-0.009999999999999787,1,327.0,卖盘
13:12:15,3.28,0.009999999999999787,168,55104.0,买盘
13:12:18,3.28,0.0,54,17712.0,买盘
13:12:21,3.28,0.0,30,9840.0,买盘
13:12:24,3.28,0.0,4,1312.0,买盘
13:12:27,3.27,-0.009999999999999787,58,18966.0,卖盘
13:12:39,3.28,0.009999999999999787,3,984.0,买盘
13:12:49,3.28,0.0,21,6888.0,买盘
13:13:02,3.27,-0.009999999999999787,8,2616.0,卖盘
13:13:09,3.28,0.009999999999999787,14,4592.0,买盘
13:13:18,3.28,0.0,1,328.0,买盘
13:13:24,3.28,0.0,23,7524.0,买盘
13:13:30,3.27,-0.009999999999999787,73,23871.0,卖盘
13:13:37,3.27,0.0,2,654.0,卖盘
13:13:40,3.27,0.0,3,981.0,卖盘
13:13:43,3.28,0.009999999999999787,8,2624.0,买盘
13:13:53,3.27,-0.009999999999999787,1,327.0,卖盘
13:13:56,3.28,0.009999999999999787,4,1312.0,买盘
13:13:59,3.28,0.0,19,6231.0,买盘
13:14:02,3.28,0.0,457,149896.0,买盘
13:14:06,3.28,0.0,366,119684.0,买盘
13:14:09,3.27,-0.009999999999999787,26,8502.0,卖盘
13:14:44,3.28,0.009999999999999787,30,9840.0,买盘
13:14:47,3.27,-0.009999999999999787,1,327.0,卖盘
13:14:56,3.27,0.0,3,981.0,卖盘
13:14:59,3.27,0.0,12,3924.0,卖盘
13:15:03,3.27,0.0,20,6540.0,卖盘
13:15:06,3.27,0.0,21,6867.0,卖盘
13:15:09,3.27,0.0,6,1962.0,卖盘
13:15:12,3.27,0.0,25,8175.0,卖盘
13:15:18,3.27,0.0,377,123531.0,卖盘
13:15:24,3.27,0.0,3,981.0,卖盘
13:15:31,3.28,0.009999999999999787,4,1312.0,买盘
13:15:34,3.27,-0.009999999999999787,2,654.0,卖盘
13:15:37,3.27,0.0,12,3924.0,卖盘
13:15:41,3.27,0.0,10,3270.0,卖盘
13:15:43,3.27,0.0,5,1635.0,卖盘
13:15:56,3.27,0.0,1,327.0,卖盘
13:15:59,3.27,0.0,18,5886.0,卖盘
13:16:06,3.27,0.0,1,327.0,卖盘
13:16:09,3.27,0.0,1,327.0,卖盘
13:16:12,3.27,0.0,33,10791.0,卖盘
13:16:15,3.27,0.0,70,22890.0,卖盘
13:16:21,3.27,0.0,9,2947.0,卖盘
13:16:24,3.27,0.0,99,32373.0,卖盘
13:16:37,3.28,0.009999999999999787,1,328.0,买盘
13:16:44,3.28,0.0,70,22960.0,买盘
13:16:53,3.28,0.0,10,3280.0,买盘
13:17:03,3.28,0.0,99,32466.0,买盘
13:17:09,3.27,-0.009999999999999787,46,15048.0,卖盘
13:17:12,3.28,0.009999999999999787,1,328.0,买盘
13:17:21,3.27,-0.009999999999999787,1,327.0,卖盘
13:17:24,3.28,0.009999999999999787,4,1311.0,买盘
13:17:28,3.27,-0.009999999999999787,20,6540.0,卖盘
13:17:50,3.27,0.0,62,20274.0,卖盘
13:17:53,3.28,0.009999999999999787,19,6225.0,买盘
13:17:57,3.28,0.0,4,1312.0,买盘
13:17:59,3.27,-0.009999999999999787,23,7521.0,卖盘
13:18:03,3.27,0.0,1,327.0,卖盘
13:18:09,3.27,0.0,1,327.0,卖盘
13:18:18,3.27,0.0,2,654.0,卖盘
13:18:22,3.27,0.0,2,654.0,卖盘
13:18:25,3.27,0.0,20,6540.0,卖盘
13:18:28,3.27,0.0,11,3598.0,卖盘
13:18:31,3.27,0.0,20,6540.0,卖盘
13:18:35,3.27,0.0,33,10791.0,卖盘
13:18:38,3.27,0.0,62,20274.0,卖盘
13:18:41,3.27,0.0,76,24852.0,卖盘
13:18:47,3.27,0.0,6,1962.0,卖盘
13:18:50,3.27,0.0,28,9156.0,卖盘
13:18:57,3.27,0.0,12,3927.0,卖盘
13:19:00,3.28,0.009999999999999787,5,1640.0,买盘
13:19:09,3.28,0.0,8,2621.0,买盘
13:19:12,3.27,-0.009999999999999787,240,78480.0,卖盘
13:19:15,3.28,0.009999999999999787,4,1312.0,买盘
13:19:19,3.28,0.0,15,4915.0,买盘
13:19:22,3.27,-0.009999999999999787,1,327.0,卖盘
13:19:32,3.27,0.0,87,28449.0,卖盘
13:19:35,3.27,0.0,1,327.0,卖盘
13:19:47,3.27,0.0,296,96792.0,卖盘
13:19:51,3.27,0.0,266,86982.0,卖盘
13:19:54,3.27,0.0,236,77172.0,卖盘
13:19:57,3.27,0.0,28,9156.0,买盘
13:20:03,3.27,0.0,3,981.0,买盘
13:20:06,3.26,-0.010000000000000231,270,88020.0,卖盘
13:20:09,3.26,0.0,65,21221.0,卖盘
13:20:12,3.26,0.0,191,62266.0,卖盘
13:20:16,3.27,0.010000000000000231,301,98427.0,买盘
13:20:22,3.27,0.0,149,48592.0,买盘
13:20:26,3.26,-0.010000000000000231,72,23531.0,卖盘
13:20:35,3.27,0.010000000000000231,35,11411.0,买盘
13:20:41,3.27,0.0,30,9810.0,买盘
13:20:51,3.27,0.0,4,1308.0,买盘
13:20:54,3.27,0.0,8,2616.0,买盘
13:20:57,3.27,0.0,19,6205.0,买盘
13:21:00,3.26,-0.010000000000000231,17,5542.0,卖盘
13:21:03,3.26,0.0,10,3260.0,卖盘
13:21:19,3.26,0.0,161,52486.0,卖盘
13:21:26,3.27,0.010000000000000231,4,1308.0,买盘
13:21:32,3.26,-0.010000000000000231,1,326.0,卖盘
13:21:39,3.26,0.0,1221,398046.0,卖盘
13:21:42,3.27,0.010000000000000231,1,327.0,买盘
13:21:45,3.27,0.0,1,327.0,买盘
13:21:54,3.27,0.0,30,9781.0,买盘
13:22:00,3.27,0.0,1,327.0,买盘
13:22:17,3.27,0.0,1,327.0,买盘
13:22:22,3.26,-0.010000000000000231,96,31302.0,卖盘
13:22:32,3.26,0.0,735,239610.0,卖盘
13:22:48,3.26,0.0,1,326.0,卖盘
13:22:54,3.26,0.0,60,19560.0,卖盘
13:23:00,3.27,0.010000000000000231,15,4905.0,买盘
13:23:03,3.26,-0.010000000000000231,44,14356.0,卖盘
13:23:07,3.26,0.0,25,8150.0,卖盘
13:23:10,3.26,0.0,100,32600.0,卖盘
13:23:13,3.26,0.0,26,8482.0,卖盘
13:23:17,3.26,0.0,2,652.0,卖盘
13:23:23,3.26,0.0,93,30318.0,卖盘
13:23:29,3.26,0.0,30,9780.0,卖盘
13:23:39,3.26,0.0,684,222984.0,卖盘
13:23:42,3.26,0.0,1,326.0,卖盘
13:23:45,3.26,0.0,1,326.0,卖盘
13:23:57,3.26,0.0,20,6520.0,卖盘
13:24:04,3.27,0.010000000000000231,4,1308.0,买盘
13:24:07,3.26,-0.010000000000000231,1,326.0,卖盘
13:24:20,3.27,0.010000000000000231,45,14713.0,买盘
13:24:23,3.27,0.0,1,327.0,买盘
13:24:36,3.26,-0.010000000000000231,2,652.0,卖盘
13:24:42,3.26,0.0,6,1956.0,卖盘
13:24:45,3.26,0.0,249,81420.0,卖盘
13:24:51,3.27,0.010000000000000231,3,981.0,买盘
13:24:55,3.26,-0.010000000000000231,2,652.0,卖盘
13:25:01,3.26,-0.010000000000000231,4,1304.0,卖盘
13:25:11,3.26,0.0,100,32600.0,卖盘
13:25:14,3.26,0.0,10,3260.0,卖盘
13:25:17,3.26,0.0,10,3260.0,卖盘
13:25:20,3.26,0.0,29,9455.0,卖盘
13:25:24,3.26,0.0,398,129749.0,卖盘
13:25:27,3.26,0.0,53,17281.0,卖盘
13:25:30,3.26,0.0,110,35861.0,卖盘
13:25:33,3.26,0.0,60,19561.0,卖盘
13:25:42,3.26,0.0,32,10432.0,卖盘
13:25:55,3.27,0.010000000000000231,66,21582.0,买盘
13:26:08,3.26,-0.010000000000000231,26,8476.0,卖盘
13:26:17,3.27,0.010000000000000231,26,8496.0,买盘
13:26:21,3.26,-0.010000000000000231,30,9780.0,卖盘
13:26:27,3.26,0.0,16,5216.0,卖盘
13:26:33,3.26,0.0,5,1630.0,卖盘
13:26:36,3.27,0.010000000000000231,1,327.0,买盘
13:26:42,3.26,-0.010000000000000231,30,9780.0,卖盘
13:26:46,3.27,0.010000000000000231,6,1962.0,买盘
13:27:11,3.27,0.0,2,654.0,买盘
13:27:18,3.26,-0.010000000000000231,1,326.0,卖盘
13:27:24,3.26,0.0,9,2942.0,卖盘
13:27:30,3.26,0.0,3,978.0,卖盘
13:27:33,3.26,0.0,1,326.0,卖盘
13:27:36,3.27,0.010000000000000231,6,1962.0,买盘
13:27:39,3.26,-0.010000000000000231,10,3260.0,卖盘
13:27:42,3.26,0.0,50,16300.0,卖盘
13:27:46,3.26,0.0,4,1304.0,卖盘
13:27:49,3.26,0.0,7,2282.0,卖盘
13:27:52,3.26,0.0,92,29992.0,卖盘
13:27:56,3.26,0.0,35,11410.0,卖盘
13:27:59,3.26,0.0,61,19887.0,卖盘
13:28:02,3.27,0.010000000000000231,2,653.0,买盘
13:28:08,3.26,-0.010000000000000231,73,23798.0,卖盘
13:28:12,3.26,0.0,9,2934.0,卖盘
13:28:15,3.26,0.0,16,5216.0,卖盘
13:28:18,3.26,0.0,9,2934.0,卖盘
13:28:21,3.26,0.0,13,4238.0,卖盘
13:28:24,3.26,0.0,1,326.0,卖盘
13:28:27,3.26,0.0,19,6194.0,卖盘
13:28:30,3.27,0.010000000000000231,129,42067.0,买盘
13:28:33,3.27,0.0,34,11114.0,买盘
13:28:36,3.26,-0.010000000000000231,10,3260.0,卖盘
13:28:53,3.26,0.0,34,11084.0,卖盘
13:29:02,3.26,0.0,69,22503.0,卖盘
13:29:05,3.26,0.0,80,26080.0,卖盘
13:29:08,3.25,-0.009999999999999787,499,162673.0,卖盘
13:29:12,3.26,0.009999999999999787,180,58650.0,买盘
13:29:15,3.26,0.0,79,25755.0,卖盘
13:29:18,3.27,0.010000000000000231,72,23522.0,买盘
13:29:24,3.26,-0.010000000000000231,3,978.0,卖盘
13:29:30,3.26,0.0,32,10432.0,卖盘
13:29:33,3.26,0.0,6,1956.0,卖盘
13:29:50,3.26,0.0,10,3260.0,卖盘
13:29:56,3.26,0.0,18,5868.0,卖盘
13:29:59,3.26,0.0,192,62592.0,卖盘
13:30:02,3.26,0.0,36,11736.0,卖盘
13:30:06,3.26,0.0,120,39120.0,卖盘
13:30:09,3.26,0.0,113,36838.0,卖盘
13:30:12,3.26,0.0,60,19560.0,卖盘
13:30:15,3.27,0.010000000000000231,4,1305.0,买盘
13:30:18,3.25,-0.020000000000000018,76,24700.0,卖盘
13:30:21,3.26,0.009999999999999787,8,2608.0,买盘
13:30:24,3.25,-0.009999999999999787,534,173550.0,卖盘
13:30:27,3.25,0.0,7,2275.0,卖盘
13:30:30,3.26,0.009999999999999787,55,17880.0,买盘
13:30:37,3.25,-0.009999999999999787,43,13975.0,卖盘
13:30:43,3.25,-0.009999999999999787,39,12705.0,卖盘
13:30:47,3.26,0.009999999999999787,1,326.0,买盘
13:30:50,3.26,0.0,33,10758.0,买盘
13:30:53,3.26,0.0,255,83130.0,买盘
13:30:56,3.26,0.0,141,45843.0,买盘
13:30:59,3.26,0.0,1,326.0,买盘
13:31:09,3.26,0.0,16,5216.0,买盘
13:31:12,3.26,0.0,3,978.0,买盘
13:31:15,3.26,0.0,2,652.0,买盘
13:31:21,3.25,-0.009999999999999787,35,11375.0,卖盘
13:31:30,3.25,0.0,1,325.0,卖盘
13:31:34,3.25,0.0,10,3250.0,卖盘
13:31:44,3.25,0.0,3,975.0,卖盘
13:31:47,3.26,0.009999999999999787,21,6846.0,买盘
13:31:53,3.26,0.0,1,326.0,买盘
13:31:56,3.26,0.0,3,978.0,买盘
13:31:59,3.26,0.0,54,17554.0,买盘
13:32:06,3.25,-0.009999999999999787,30,9760.0,卖盘
13:32:09,3.26,0.009999999999999787,36,11710.0,买盘
13:32:15,3.26,0.0,21,6826.0,买盘
13:32:18,3.26,0.0,13,4238.0,买盘
13:32:37,3.26,0.0,1,326.0,买盘
13:32:50,3.26,0.0,5,1630.0,买盘
13:32:53,3.25,-0.009999999999999787,19,6175.0,卖盘
13:32:56,3.26,0.009999999999999787,10,3260.0,买盘
13:33:06,3.26,0.0,1,326.0,买盘
13:33:12,3.26,0.0,4,1304.0,买盘
13:33:15,3.26,0.0,372,121272.0,买盘
13:33:18,3.26,0.0,104,33904.0,买盘
13:33:21,3.26,0.0,109,35534.0,买盘
13:33:24,3.26,0.0,36,11736.0,买盘
13:33:28,3.26,0.0,103,33578.0,买盘
13:33:31,3.26,0.0,70,22820.0,买盘
13:33:34,3.25,-0.009999999999999787,193,62917.0,卖盘
13:33:38,3.26,0.009999999999999787,55,17930.0,买盘
13:33:41,3.26,0.0,242,78892.0,买盘
13:33:44,3.26,0.0,100,32600.0,买盘
13:33:47,3.25,-0.009999999999999787,599,195249.0,卖盘
13:33:50,3.26,0.009999999999999787,60,19560.0,买盘
13:34:00,3.26,0.0,10,3260.0,卖盘
13:34:03,3.26,0.0,634,206684.0,卖盘
13:34:06,3.26,0.0,2,652.0,买盘
13:34:09,3.26,0.0,21,6836.0,买盘
13:34:12,3.26,0.0,101,32866.0,买盘
13:34:18,3.26,0.0,13,4238.0,买盘
13:34:21,3.26,0.0,3,976.0,买盘
13:34:27,3.26,0.0,10,3260.0,买盘
13:34:31,3.26,0.0,27,8787.0,买盘
13:34:35,3.26,0.0,87,28314.0,买盘
13:34:38,3.26,0.0,31,10106.0,买盘
13:34:41,3.26,0.0,77,25052.0,买盘
13:34:44,3.26,0.0,2,652.0,买盘
13:34:47,3.26,0.0,15,4880.0,买盘
13:34:50,3.25,-0.009999999999999787,14,4561.0,卖盘
13:34:53,3.26,0.009999999999999787,1,326.0,买盘
13:34:57,3.26,0.0,1,326.0,买盘
13:35:03,3.26,0.0,25,8137.0,买盘
13:35:06,3.26,0.0,21,6827.0,买盘
13:35:09,3.26,0.0,35,11385.0,买盘
13:35:15,3.26,0.0,496,161208.0,买盘
13:35:18,3.26,0.0,103,33578.0,买盘
13:35:22,3.26,0.0,3,978.0,买盘
13:35:32,3.26,0.0,34,11065.0,买盘
13:35:35,3.26,0.0,142,46292.0,买盘
13:35:38,3.26,0.0,3,978.0,买盘
13:35:41,3.26,0.0,1,326.0,买盘
13:35:44,3.26,0.0,13,4238.0,买盘
13:35:48,3.26,0.0,40,13002.0,买盘
13:35:54,3.26,0.0,52,16952.0,买盘
13:35:57,3.26,0.0,1,326.0,买盘
13:35:59,3.26,0.0,8,2608.0,买盘
13:36:03,3.25,-0.009999999999999787,155,50376.0,卖盘
13:36:06,3.26,0.009999999999999787,67,21842.0,买盘
13:36:09,3.26,0.0,4442,1448120.0,买盘
13:36:12,3.26,0.0,26,8476.0,卖盘
13:36:15,3.26,0.0,21,6846.0,卖盘
13:36:19,3.26,0.0,27,8810.0,卖盘
13:36:23,3.26,0.0,1,326.0,卖盘
13:36:29,3.26,0.0,37,12062.0,卖盘
13:36:35,3.26,0.0,45,14670.0,卖盘
13:36:42,3.26,0.0,3,979.0,卖盘
13:36:51,3.27,0.010000000000000231,1,327.0,买盘
13:36:54,3.27,0.0,1,327.0,买盘
13:36:57,3.26,-0.010000000000000231,50,16300.0,卖盘
13:37:00,3.26,0.0,7,2282.0,卖盘
13:37:03,3.27,0.010000000000000231,8,2616.0,买盘
13:37:09,3.27,0.0,39,12753.0,买盘
13:37:13,3.27,0.0,10,3270.0,买盘
13:37:16,3.27,0.0,84,27386.0,买盘
13:37:20,3.27,0.0,66,21579.0,买盘
13:37:23,3.27,0.0,23,7519.0,买盘
13:37:26,3.27,0.0,60,19620.0,买盘
13:37:29,3.27,0.0,6,1962.0,买盘
13:37:32,3.26,-0.010000000000000231,6,1956.0,卖盘
13:37:48,3.27,0.010000000000000231,30,9810.0,买盘
13:37:51,3.27,0.0,30,9810.0,买盘
13:37:54,3.27,0.0,10,3270.0,买盘
13:37:57,3.27,0.0,34,11118.0,买盘
13:38:00,3.27,0.0,1,327.0,买盘
13:38:03,3.26,-0.010000000000000231,16,5231.0,卖盘
13:38:06,3.26,0.0,26,8476.0,卖盘
13:38:13,3.26,0.0,14,4564.0,卖盘
13:38:17,3.27,0.010000000000000231,1,327.0,买盘
13:38:23,3.27,0.0,30,9800.0,买盘
13:38:26,3.27,0.0,2,654.0,买盘
13:38:29,3.26,-0.010000000000000231,1,326.0,卖盘
13:38:32,3.26,0.0,1,326.0,卖盘
13:38:39,3.27,0.010000000000000231,6,1962.0,买盘
13:38:42,3.26,-0.010000000000000231,469,152895.0,卖盘
13:38:45,3.27,0.010000000000000231,30,9798.0,买盘
13:38:48,3.27,0.0,1,327.0,买盘
13:38:51,3.27,0.0,15,4905.0,买盘
13:39:00,3.27,0.0,9,2943.0,买盘
13:39:07,3.26,-0.010000000000000231,16,5216.0,卖盘
13:39:10,3.27,0.010000000000000231,3,979.0,买盘
13:39:17,3.27,0.0,10,3270.0,买盘
13:39:20,3.27,0.0,2,654.0,买盘
13:39:23,3.27,0.0,14,4578.0,买盘
13:39:33,3.27,0.0,84,27389.0,买盘
13:39:36,3.27,0.0,36,11756.0,买盘
13:39:39,3.26,-0.010000000000000231,10,3260.0,卖盘
13:39:45,3.26,0.0,20,6520.0,卖盘
13:39:48,3.26,0.0,16,5216.0,卖盘
13:39:51,3.26,0.0,35,11428.0,卖盘
13:39:54,3.26,0.0,7,2282.0,卖盘
13:39:57,3.26,0.0,16,5216.0,卖盘
13:40:04,3.26,0.0,41,13366.0,卖盘
13:40:11,3.26,0.0,54,17605.0,卖盘
13:40:14,3.26,0.0,31,10115.0,卖盘
13:40:17,3.26,0.0,13,4238.0,卖盘
13:40:20,3.26,0.0,4,1304.0,卖盘
13:40:23,3.26,0.0,9,2939.0,卖盘
13:40:27,3.26,0.0,46,14999.0,卖盘
13:40:30,3.27,0.010000000000000231,8,2616.0,买盘
13:40:39,3.26,-0.010000000000000231,3,978.0,卖盘
13:40:45,3.27,0.010000000000000231,9,2942.0,买盘
13:40:48,3.26,-0.010000000000000231,10,3260.0,卖盘
13:40:57,3.26,0.0,10,3268.0,卖盘
13:41:00,3.26,0.0,77,25102.0,卖盘
13:41:04,3.26,0.0,18,5876.0,卖盘
13:41:08,3.26,0.0,35,11410.0,卖盘
13:41:11,3.26,0.0,13,4238.0,卖盘
13:41:14,3.26,0.0,8,2608.0,卖盘
13:41:17,3.26,0.0,1,326.0,卖盘
13:41:24,3.27,0.010000000000000231,8,2616.0,买盘
13:41:27,3.26,-0.010000000000000231,9,2934.0,卖盘
13:41:30,3.26,0.0,95,30986.0,卖盘
13:41:33,3.26,0.0,1,326.0,卖盘
13:41:36,3.27,0.010000000000000231,56,18259.0,买盘
13:41:39,3.27,0.0,208,67866.0,买盘
13:41:42,3.27,0.0,3,981.0,买盘
13:41:45,3.26,-0.010000000000000231,29,9456.0,卖盘
13:41:51,3.27,0.010000000000000231,15,4900.0,买盘
13:41:58,3.26,-0.010000000000000231,3240,1056240.0,卖盘
13:42:01,3.25,-0.009999999999999787,213,69238.0,卖盘
13:42:11,3.25,0.0,3,975.0,卖盘
13:42:14,3.26,0.009999999999999787,25,8150.0,买盘
13:42:18,3.26,0.0,5,1630.0,买盘
13:42:21,3.26,0.0,13,4238.0,买盘
13:42:24,3.26,0.0,23,7498.0,买盘
13:42:27,3.25,-0.009999999999999787,23,7475.0,卖盘
13:42:36,3.25,0.0,268,87100.0,卖盘
13:42:45,3.25,0.0,20,6500.0,卖盘
13:42:48,3.25,0.0,198,64350.0,卖盘
13:42:52,3.26,0.009999999999999787,1,326.0,买盘
13:42:55,3.25,-0.009999999999999787,5,1625.0,卖盘
13:42:59,3.26,0.009999999999999787,1,326.0,买盘
13:43:02,3.25,-0.009999999999999787,4,1300.0,卖盘
13:43:08,3.26,0.009999999999999787,30,9780.0,买盘
13:43:11,3.26,0.0,1,326.0,买盘
13:43:15,3.26,0.0,56,18216.0,买盘
13:43:18,3.26,0.0,53,17235.0,买盘
13:43:21,3.26,0.0,33,10738.0,买盘
13:43:24,3.26,0.0,19,6193.0,买盘
13:43:30,3.26,0.0,28,9108.0,买盘
13:43:33,3.26,0.0,1,326.0,买盘
13:43:39,3.26,0.0,22,7172.0,买盘
13:43:43,3.26,0.0,6,1956.0,买盘
13:43:46,3.26,0.0,3,978.0,买盘
13:43:49,3.26,0.0,8,2608.0,买盘
13:43:56,3.26,0.0,69,22494.0,买盘
13:44:05,3.25,-0.009999999999999787,1,325.0,卖盘
13:44:08,3.25,0.0,115,37383.0,卖盘
13:44:12,3.25,0.0,135,43875.0,卖盘
13:44:24,3.25,0.0,19,6183.0,卖盘
13:44:27,3.26,0.009999999999999787,10,3260.0,买盘
13:44:30,3.26,0.0,80,26080.0,买盘
13:44:37,3.25,-0.009999999999999787,9,2925.0,卖盘
13:44:43,3.26,0.009999999999999787,8,2608.0,买盘
13:44:46,3.26,0.0,183,59658.0,买盘
13:44:56,3.26,0.0,1,326.0,买盘
13:44:59,3.25,-0.009999999999999787,13,4233.0,卖盘
13:45:02,3.25,0.0,4,1300.0,卖盘
13:45:05,3.25,0.0,128,41600.0,卖盘
13:45:09,3.25,0.0,30,9771.0,卖盘
13:45:12,3.25,0.0,62,20150.0,卖盘
13:45:15,3.25,0.0,135,43875.0,卖盘
13:45:18,3.25,0.0,156,50708.0,卖盘
13:45:21,3.25,0.0,33,10725.0,卖盘
13:45:27,3.25,0.0,14,4550.0,卖盘
13:45:33,3.25,0.0,4710,1530750.0,卖盘
13:45:37,3.25,0.0,501,162825.0,买盘
13:45:41,3.25,0.0,25,8125.0,买盘
13:45:44,3.25,0.0,53,17225.0,买盘
13:45:47,3.25,0.0,2,650.0,买盘
13:45:50,3.24,-0.009999999999999787,77,24967.0,卖盘
13:45:56,3.25,0.009999999999999787,2,650.0,买盘
13:46:00,3.25,0.0,74,24050.0,买盘
13:46:03,3.24,-0.009999999999999787,163,52812.0,卖盘
13:46:09,3.24,0.0,319,103376.0,卖盘
13:46:12,3.25,0.009999999999999787,114,37050.0,买盘
13:46:15,3.25,0.0,168,54600.0,卖盘
13:46:21,3.25,0.0,5,1625.0,卖盘
13:46:25,3.26,0.009999999999999787,324,105567.0,买盘
13:46:28,3.26,0.0,1,326.0,买盘
13:46:34,3.25,-0.009999999999999787,6,1950.0,卖盘
13:46:38,3.24,-0.009999999999999787,140,45460.0,卖盘
13:46:40,3.25,0.009999999999999787,24,7800.0,买盘
13:46:44,3.25,0.0,1,325.0,买盘
13:46:47,3.25,0.0,3,975.0,买盘
13:46:50,3.25,0.0,97,31515.0,买盘
13:46:53,3.25,0.0,1,325.0,买盘
13:46:57,3.25,0.0,8,2600.0,买盘
13:47:03,3.25,0.0,18,5848.0,买盘
13:47:09,3.25,0.0,38,12350.0,买盘
13:47:12,3.25,0.0,27,8775.0,买盘
13:47:18,3.25,0.0,14,4550.0,买盘
13:47:21,3.26,0.009999999999999787,379,123183.0,买盘
13:47:25,3.25,-0.009999999999999787,40,13000.0,卖盘
13:47:34,3.25,0.0,34,11050.0,卖盘
13:47:38,3.25,0.0,100,32500.0,卖盘
13:47:44,3.25,0.0,9,2933.0,卖盘
13:47:50,3.25,0.0,4,1300.0,卖盘
13:47:54,3.25,0.0,601,195325.0,卖盘
13:47:57,3.26,0.009999999999999787,8,2608.0,买盘
13:48:03,3.25,-0.009999999999999787,30,9750.0,卖盘
13:48:09,3.25,0.0,95,30875.0,卖盘
13:48:12,3.25,0.0,23,7475.0,卖盘
13:48:15,3.25,0.0,4,1300.0,卖盘
13:48:19,3.25,0.0,2,650.0,卖盘
13:48:29,3.25,0.0,9,2925.0,卖盘
13:48:35,3.26,0.009999999999999787,7,2282.0,买盘
13:48:41,3.25,-0.009999999999999787,6,1950.0,卖盘
13:48:48,3.26,0.009999999999999787,21,6826.0,买盘
13:48:51,3.26,0.0,35,11410.0,买盘
13:48:54,3.25,-0.009999999999999787,22,7150.0,卖盘
13:48:57,3.26,0.009999999999999787,8,2608.0,买盘
13:49:00,3.26,0.0,10,3260.0,买盘
13:49:03,3.26,0.0,1,326.0,买盘
13:49:06,3.25,-0.009999999999999787,293,95225.0,卖盘
13:49:09,3.25,0.0,25,8125.0,卖盘
13:49:12,3.25,0.0,48,15600.0,卖盘
13:49:19,3.25,0.0,5,1625.0,卖盘
13:49:22,3.25,0.0,33,10725.0,卖盘
13:49:26,3.25,0.0,3,975.0,卖盘
13:49:29,3.25,0.0,10,3250.0,卖盘
13:49:32,3.25,0.0,35,11375.0,卖盘
13:49:35,3.25,0.0,93,30225.0,卖盘
13:49:38,3.25,0.0,27,8763.0,买盘
13:49:41,3.25,0.0,112,36394.0,买盘
13:49:45,3.26,0.009999999999999787,97,31573.0,买盘
13:49:51,3.26,0.0,34,11084.0,买盘
13:49:54,3.25,-0.009999999999999787,204,66300.0,卖盘
13:49:57,3.25,0.0,116,37700.0,买盘
13:50:00,3.25,0.0,142,46150.0,买盘
13:50:03,3.25,0.0,106,34450.0,买盘
13:50:06,3.25,0.0,63,20447.0,买盘
13:50:10,3.25,0.0,24,7778.0,买盘
13:50:13,3.25,0.0,22,7150.0,买盘
13:50:16,3.24,-0.009999999999999787,16,5194.0,卖盘
13:50:20,3.25,0.009999999999999787,24,7800.0,买盘
13:50:23,3.25,0.0,5,1625.0,买盘
13:50:26,3.25,0.0,6,1950.0,买盘
13:50:32,3.25,0.0,13,4225.0,买盘
13:50:35,3.25,0.0,2,650.0,买盘
13:50:39,3.25,0.0,185,59941.0,买盘
13:50:42,3.25,0.0,264,85800.0,买盘
13:50:45,3.25,0.0,6,1950.0,买盘
13:50:48,3.25,0.0,50,16202.0,买盘
13:50:51,3.25,0.0,16,5195.0,买盘
13:50:54,3.24,-0.009999999999999787,133,43138.0,卖盘
13:50:57,3.25,0.009999999999999787,27,8775.0,买盘
13:51:03,3.24,-0.009999999999999787,11,3572.0,卖盘
13:51:13,3.24,0.0,70,22680.0,卖盘
13:51:17,3.25,0.009999999999999787,6,1950.0,买盘
13:51:23,3.25,0.0,84,27225.0,买盘
13:51:29,3.25,0.0,10,3249.0,买盘
13:51:32,3.25,0.0,28,9096.0,买盘
13:51:39,3.25,0.0,58,18850.0,买盘
13:51:42,3.25,0.0,50,16250.0,买盘
13:51:45,3.25,0.0,1,325.0,买盘
13:51:48,3.25,0.0,31,10064.0,买盘
13:51:51,3.25,0.0,429,139420.0,买盘
13:51:54,3.25,0.0,32,10369.0,买盘
13:51:57,3.25,0.0,9,2925.0,买盘
13:52:04,3.25,0.0,2,650.0,买盘
13:52:07,3.24,-0.009999999999999787,6,1944.0,卖盘
13:52:11,3.24,0.0,36,11665.0,卖盘
13:52:14,3.25,0.009999999999999787,8,2600.0,买盘
13:52:20,3.25,0.0,29,9425.0,买盘
13:52:23,3.25,0.0,14,4550.0,买盘
13:52:26,3.24,-0.009999999999999787,5,1620.0,卖盘
13:52:30,3.25,0.009999999999999787,101,32825.0,买盘
13:52:33,3.24,-0.009999999999999787,9,2924.0,卖盘
13:52:39,3.25,0.009999999999999787,85,27625.0,买盘
13:52:45,3.25,0.0,36,11670.0,买盘
13:52:48,3.25,0.0,58,18850.0,买盘
13:52:51,3.25,0.0,11,3582.0,买盘
13:52:54,3.25,0.0,177,57525.0,买盘
13:52:58,3.25,0.0,18,5850.0,买盘
13:53:01,3.25,0.0,41,13325.0,买盘
13:53:04,3.25,0.0,54,17550.0,买盘
13:53:08,3.25,0.0,33,10700.0,买盘
13:53:11,3.25,0.0,1,325.0,买盘
13:53:14,3.25,0.0,113,36725.0,买盘
13:53:17,3.24,-0.009999999999999787,2,649.0,卖盘
13:53:20,3.25,0.009999999999999787,7,2275.0,买盘
13:53:24,3.25,0.0,4,1300.0,买盘
13:53:27,3.25,0.0,211,68575.0,买盘
13:53:33,3.25,0.0,10,3250.0,买盘
13:53:39,3.25,0.0,32,10400.0,买盘
13:53:42,3.25,0.0,198,64352.0,买盘
13:53:48,3.26,0.009999999999999787,36,11706.0,买盘
13:53:58,3.26,0.0,17,5542.0,买盘
13:54:01,3.25,-0.009999999999999787,18,5858.0,卖盘
13:54:08,3.25,0.0,456,148216.0,卖盘
13:54:11,3.25,0.0,35,11375.0,卖盘
13:54:14,3.24,-0.009999999999999787,122,39536.0,卖盘
13:54:20,3.25,0.009999999999999787,10,3250.0,买盘
13:54:24,3.25,0.0,47,15275.0,买盘
13:54:27,3.25,0.0,38,12350.0,买盘
13:54:33,3.25,0.0,68,22100.0,买盘
13:54:39,3.24,-0.009999999999999787,65,21121.0,卖盘
13:54:42,3.24,0.0,52,16880.0,卖盘
13:54:45,3.25,0.009999999999999787,10,3250.0,买盘
13:54:48,3.25,0.0,8,2600.0,买盘
13:54:52,3.25,0.0,8,2600.0,买盘
13:54:55,3.25,0.0,204,66300.0,买盘
13:54:58,3.25,0.0,32,10386.0,买盘
13:55:05,3.25,0.0,97,31498.0,买盘
13:55:08,3.25,0.0,1,325.0,买盘
13:55:11,3.25,0.0,1,325.0,买盘
13:55:14,3.24,-0.009999999999999787,220,71298.0,卖盘
13:55:17,3.25,0.009999999999999787,4,1300.0,买盘
13:55:21,3.24,-0.009999999999999787,2,648.0,卖盘
13:55:24,3.24,0.0,20,6480.0,卖盘
13:55:27,3.24,0.0,5,1620.0,卖盘
13:55:30,3.25,0.009999999999999787,8,2600.0,买盘
13:55:33,3.25,0.0,5,1625.0,买盘
13:55:36,3.24,-0.009999999999999787,21,6805.0,卖盘
13:55:49,3.25,0.009999999999999787,8,2600.0,买盘
13:55:52,3.24,-0.009999999999999787,146,47304.0,卖盘
13:55:55,3.24,0.0,14,4536.0,卖盘
13:55:58,3.24,0.0,763,247212.0,卖盘
13:56:02,3.25,0.009999999999999787,15,4875.0,买盘
13:56:05,3.25,0.0,15,4868.0,买盘
13:56:08,3.25,0.0,46,14924.0,买盘
13:56:11,3.25,0.0,1,325.0,买盘
13:56:15,3.24,-0.009999999999999787,5,1624.0,卖盘
13:56:18,3.24,0.0,7,2272.0,卖盘
13:56:24,3.25,0.009999999999999787,8,2600.0,买盘
13:56:30,3.25,0.0,5,1625.0,买盘
13:56:33,3.25,0.0,34,11050.0,买盘
13:56:36,3.24,-0.009999999999999787,21,6815.0,卖盘
13:56:42,3.25,0.009999999999999787,58,18850.0,买盘
13:56:49,3.25,0.0,46,14940.0,买盘
13:56:53,3.25,0.0,52,16900.0,买盘
13:56:55,3.25,0.0,15,4875.0,买盘
13:56:59,3.25,0.0,16,5200.0,买盘
13:57:02,3.24,-0.009999999999999787,62,20088.0,卖盘
13:57:05,3.25,0.009999999999999787,2,650.0,买盘
13:57:08,3.25,0.0,6,1950.0,买盘
13:57:12,3.24,-0.009999999999999787,11,3573.0,卖盘
13:57:15,3.25,0.009999999999999787,1,325.0,买盘
13:57:18,3.25,0.0,2,650.0,买盘
13:57:21,3.25,0.0,16,5200.0,买盘
13:57:24,3.25,0.0,26,8446.0,买盘
13:57:30,3.25,0.0,15,4875.0,买盘
13:57:33,3.25,0.0,258,83850.0,买盘
13:57:36,3.25,0.0,8,2600.0,买盘
13:57:40,3.25,0.0,22,7150.0,买盘
13:57:49,3.25,0.0,219,71175.0,买盘
13:57:52,3.25,0.0,25,8125.0,买盘
13:57:56,3.25,0.0,2,650.0,买盘
13:57:59,3.24,-0.009999999999999787,40,12980.0,卖盘
13:58:02,3.25,0.009999999999999787,1,325.0,买盘
13:58:05,3.24,-0.009999999999999787,9,2917.0,卖盘
13:58:09,3.25,0.009999999999999787,13,4225.0,买盘
13:58:12,3.25,0.0,3,975.0,买盘
13:58:15,3.25,0.0,1,325.0,买盘
13:58:18,3.25,0.0,8,2600.0,买盘
13:58:21,3.25,0.0,19,6170.0,买盘
13:58:24,3.24,-0.009999999999999787,40,12967.0,卖盘
13:58:30,3.25,0.009999999999999787,11,3565.0,买盘
13:58:33,3.25,0.0,8,2600.0,买盘
13:58:40,3.25,0.0,10,3250.0,买盘
13:58:43,3.25,0.0,16,5200.0,买盘
13:58:46,3.25,0.0,10,3250.0,买盘
13:58:49,3.25,0.0,47,15275.0,买盘
13:58:53,3.24,-0.009999999999999787,10,3240.0,卖盘
13:59:02,3.24,0.0,448,145152.0,卖盘
13:59:08,3.24,0.0,25,8100.0,卖盘
13:59:18,3.24,0.0,1,324.0,卖盘
13:59:30,3.24,0.0,292,94608.0,卖盘
13:59:33,3.25,0.009999999999999787,27,8775.0,买盘
13:59:46,3.25,0.0,2,650.0,买盘
13:59:49,3.24,-0.009999999999999787,94,30456.0,卖盘
13:59:53,3.25,0.009999999999999787,37,12015.0,买盘
13:59:59,3.24,-0.009999999999999787,47,15274.0,卖盘
14:00:09,3.24,0.0,43,13932.0,卖盘
14:00:12,3.25,0.009999999999999787,11,3565.0,买盘
14:00:18,3.24,-0.009999999999999787,1,324.0,卖盘
14:00:21,3.25,0.009999999999999787,25,8125.0,买盘
14:00:34,3.24,-0.009999999999999787,17,5508.0,卖盘
14:00:47,3.25,0.009999999999999787,28,9100.0,买盘
14:00:50,3.25,0.0,52,16900.0,买盘
14:00:53,3.25,0.0,12,3900.0,买盘
14:00:56,3.24,-0.009999999999999787,6,1944.0,卖盘
14:01:09,3.24,0.0,1,324.0,卖盘
14:01:15,3.25,0.009999999999999787,2,650.0,买盘
14:01:18,3.25,0.0,8,2600.0,买盘
14:01:21,3.25,0.0,15,4875.0,买盘
14:01:30,3.25,0.0,11,3575.0,买盘
14:01:33,3.25,0.0,1,325.0,买盘
14:01:37,3.25,0.0,1,325.0,买盘
14:01:44,3.24,-0.009999999999999787,20,6480.0,卖盘
14:02:09,3.25,0.009999999999999787,34,11024.0,买盘
14:02:12,3.25,0.0,1,325.0,买盘
14:02:18,3.24,-0.009999999999999787,7,2268.0,卖盘
14:02:27,3.25,0.009999999999999787,1,325.0,买盘
14:02:31,3.25,0.0,17,5525.0,买盘
14:02:41,3.24,-0.009999999999999787,1,324.0,卖盘
14:02:50,3.25,0.009999999999999787,3,975.0,买盘
14:02:56,3.25,0.0,54,17550.0,买盘
14:02:59,3.25,0.0,8,2600.0,买盘
14:03:03,3.25,0.0,44,14291.0,买盘
14:03:09,3.25,0.0,39,12665.0,买盘
14:03:12,3.25,0.0,5,1621.0,买盘
14:03:15,3.25,0.0,4,1300.0,买盘
14:03:18,3.25,0.0,13,4225.0,买盘
14:03:25,3.25,0.0,415,134476.0,买盘
14:03:28,3.24,-0.009999999999999787,37,11992.0,卖盘
14:03:31,3.25,0.009999999999999787,7,2274.0,买盘
14:03:34,3.25,0.0,115,37360.0,买盘
14:03:38,3.24,-0.009999999999999787,6,1944.0,卖盘
14:03:41,3.24,0.0,3,972.0,卖盘
14:03:50,3.25,0.009999999999999787,16,5192.0,买盘
14:03:53,3.24,-0.009999999999999787,12,3896.0,卖盘
14:03:57,3.24,0.0,1,324.0,卖盘
14:04:00,3.24,0.0,1,324.0,卖盘
14:04:09,3.24,0.0,3,972.0,卖盘
14:04:12,3.24,0.0,108,34995.0,卖盘
14:04:15,3.24,0.0,12,3890.0,卖盘
14:04:31,3.24,0.0,2,648.0,卖盘
14:04:35,3.25,0.009999999999999787,8,2600.0,买盘
14:04:38,3.24,-0.009999999999999787,22,7128.0,卖盘
14:04:41,3.24,0.0,12,3888.0,卖盘
14:04:44,3.25,0.009999999999999787,8,2600.0,买盘
14:04:47,3.25,0.0,6,1950.0,买盘
14:04:51,3.25,0.0,3,975.0,买盘
14:04:54,3.25,0.0,3,975.0,买盘
14:04:57,3.24,-0.009999999999999787,1,324.0,卖盘
14:05:00,3.24,0.0,2,648.0,卖盘
14:05:03,3.24,0.0,11,3564.0,卖盘
14:05:06,3.24,0.0,84,27226.0,卖盘
14:05:15,3.24,0.0,2,648.0,卖盘
14:05:19,3.24,0.0,78,25272.0,卖盘
14:05:22,3.24,0.0,66,21431.0,卖盘
14:05:25,3.24,0.0,8,2592.0,卖盘
14:05:28,3.24,0.0,150,48600.0,卖盘
14:05:32,3.24,0.0,150,48600.0,卖盘
14:05:35,3.25,0.009999999999999787,8,2600.0,买盘
14:05:41,3.24,-0.009999999999999787,200,64800.0,卖盘
14:05:44,3.25,0.009999999999999787,2,650.0,买盘
14:05:57,3.24,-0.009999999999999787,800,259200.0,卖盘
14:06:00,3.24,0.0,9,2916.0,卖盘
14:06:03,3.24,0.0,1554,503496.0,卖盘
14:06:06,3.24,0.0,3904,1264896.0,卖盘
14:06:09,3.24,0.0,8,2592.0,卖盘
14:06:12,3.24,0.0,67,21708.0,卖盘
14:06:15,3.24,0.0,1,324.0,卖盘
14:06:19,3.24,0.0,49,15876.0,卖盘
14:06:22,3.24,0.0,30,9720.0,卖盘
14:06:25,3.24,0.0,440,142560.0,卖盘
14:06:32,3.24,0.0,131,42444.0,卖盘
14:06:35,3.24,0.0,1,324.0,卖盘
14:06:38,3.24,0.0,7,2268.0,卖盘
14:06:41,3.24,0.0,105,34020.0,卖盘
14:06:54,3.25,0.009999999999999787,1,325.0,买盘
14:06:57,3.25,0.0,19,6175.0,买盘
14:07:00,3.25,0.0,16,5200.0,买盘
14:07:03,3.24,-0.009999999999999787,93,30132.0,卖盘
14:07:06,3.24,0.0,22,7128.0,卖盘
14:07:09,3.24,0.0,156,50544.0,卖盘
14:07:12,3.24,0.0,1347,436428.0,卖盘
14:07:15,3.24,0.0,14,4536.0,卖盘
14:07:26,3.24,0.0,83,26892.0,卖盘
14:07:29,3.24,0.0,47,15228.0,买盘
14:07:32,3.23,-0.010000000000000231,52,16846.0,卖盘
14:07:41,3.23,0.0,112,36176.0,卖盘
14:07:48,3.23,0.0,27,8721.0,卖盘
14:08:00,3.23,0.0,48,15514.0,卖盘
14:08:06,3.24,0.010000000000000231,610,197614.0,买盘
14:08:13,3.24,0.0,5,1620.0,买盘
14:08:16,3.24,0.0,4,1296.0,买盘
14:08:20,3.24,0.0,636,206064.0,买盘
14:08:23,3.24,0.0,52,16848.0,买盘
14:08:26,3.24,0.0,13,4212.0,买盘
14:08:29,3.24,0.0,4,1296.0,买盘
14:08:32,3.24,0.0,96,31104.0,买盘
14:08:35,3.23,-0.010000000000000231,1,323.0,卖盘
14:08:42,3.24,0.010000000000000231,59,19116.0,买盘
14:08:45,3.24,0.0,12,3888.0,买盘
14:08:48,3.24,0.0,1,324.0,买盘
14:08:51,3.24,0.0,61,19704.0,买盘
14:08:54,3.23,-0.010000000000000231,103,33269.0,卖盘
14:09:03,3.24,0.010000000000000231,154,49892.0,买盘
14:09:10,3.24,0.0,10,3240.0,买盘
14:09:13,3.23,-0.010000000000000231,1,323.0,卖盘
14:09:20,3.23,0.0,4,1292.0,卖盘
14:09:23,3.24,0.010000000000000231,263,85212.0,买盘
14:09:26,3.23,-0.010000000000000231,7,2261.0,卖盘
14:09:39,3.24,0.010000000000000231,169,54588.0,买盘
14:09:42,3.24,0.0,1,324.0,买盘
14:09:48,3.24,0.0,3,972.0,买盘
14:09:51,3.23,-0.010000000000000231,55,17770.0,卖盘
14:09:57,3.23,0.0,53,17119.0,卖盘
14:10:04,3.23,0.0,10,3230.0,卖盘
14:10:11,3.23,0.0,101,32657.0,卖盘
14:10:14,3.23,0.0,4,1292.0,卖盘
14:10:17,3.23,0.0,87,28105.0,卖盘
14:10:20,3.24,0.010000000000000231,11,3554.0,买盘
14:10:23,3.23,-0.010000000000000231,73,23629.0,卖盘
14:10:27,3.23,0.0,10,3230.0,卖盘
14:10:30,3.24,0.010000000000000231,500,162000.0,买盘
14:10:33,3.24,0.0,28,9072.0,买盘
14:10:39,3.23,-0.010000000000000231,11,3563.0,卖盘
14:10:45,3.23,0.0,73,23622.0,卖盘
14:10:48,3.24,0.010000000000000231,106,34343.0,买盘
14:10:51,3.24,0.0,34,10986.0,买盘
14:10:54,3.23,-0.010000000000000231,2,647.0,卖盘
14:10:58,3.24,0.010000000000000231,107,34668.0,买盘
14:11:01,3.24,0.0,40,12960.0,买盘
14:11:04,3.24,0.0,1,324.0,买盘
14:11:08,3.23,-0.010000000000000231,25,8075.0,卖盘
14:11:14,3.23,0.0,2,646.0,卖盘
14:11:21,3.23,0.0,1005,324615.0,卖盘
14:11:24,3.23,0.0,20,6460.0,卖盘
14:11:27,3.23,0.0,12,3886.0,卖盘
14:11:30,3.24,0.010000000000000231,1,324.0,买盘
14:11:33,3.24,0.0,17,5493.0,买盘
14:11:39,3.24,0.0,3,972.0,买盘
14:11:42,3.23,-0.010000000000000231,1,323.0,卖盘
14:11:45,3.24,0.010000000000000231,2,648.0,买盘
14:11:48,3.23,-0.010000000000000231,36,11645.0,卖盘
14:11:52,3.23,0.0,30,9690.0,卖盘
14:12:01,3.23,0.0,3,971.0,卖盘
14:12:05,3.24,0.010000000000000231,12,3888.0,买盘
14:12:14,3.23,-0.010000000000000231,8,2584.0,卖盘
14:12:18,3.23,0.0,20,6460.0,卖盘
14:12:27,3.24,0.010000000000000231,516,167184.0,买盘
14:12:30,3.24,0.0,16,5169.0,买盘
14:12:33,3.24,0.0,33,10681.0,买盘
14:12:36,3.23,-0.010000000000000231,15,4855.0,卖盘
14:12:39,3.24,0.010000000000000231,1,324.0,买盘
14:12:42,3.24,0.0,10,3240.0,买盘
14:12:46,3.23,-0.010000000000000231,9,2907.0,卖盘
14:12:49,3.24,0.010000000000000231,45,14580.0,买盘
14:12:52,3.24,0.0,20,6480.0,买盘
14:12:55,3.24,0.0,100,32400.0,买盘
14:12:59,3.23,-0.010000000000000231,32,10343.0,卖盘
14:13:02,3.23,0.0,38,12310.0,卖盘
14:13:05,3.24,0.010000000000000231,48,15552.0,买盘
14:13:08,3.24,0.0,2,648.0,买盘
14:13:11,3.24,0.0,56,18144.0,买盘
14:13:15,3.24,0.0,107,34668.0,买盘
14:13:18,3.24,0.0,190,61506.0,买盘
14:13:21,3.24,0.0,524,169776.0,买盘
14:13:24,3.25,0.009999999999999787,221,71653.0,买盘
14:13:27,3.24,-0.009999999999999787,1,324.0,卖盘
14:13:30,3.24,0.0,1,324.0,卖盘
14:13:33,3.24,0.0,4,1297.0,卖盘
14:13:39,3.24,0.0,60,19440.0,卖盘
14:13:46,3.24,0.0,32,10398.0,卖盘
14:13:49,3.25,0.009999999999999787,214,69338.0,买盘
14:13:52,3.25,0.0,2,650.0,买盘
14:13:59,3.24,-0.009999999999999787,14,4546.0,卖盘
14:14:08,3.24,0.0,26,8424.0,卖盘
14:14:12,3.24,0.0,25,8100.0,卖盘
14:14:15,3.25,0.009999999999999787,10,3250.0,买盘
14:14:18,3.25,0.0,135,43750.0,买盘
14:14:21,3.25,0.0,4,1300.0,买盘
14:14:24,3.25,0.0,1,325.0,买盘
14:14:30,3.25,0.0,42,13650.0,买盘
14:14:33,3.24,-0.009999999999999787,21,6805.0,卖盘
14:14:36,3.24,0.0,63,20412.0,卖盘
14:14:43,3.25,0.009999999999999787,4,1300.0,买盘
14:14:46,3.24,-0.009999999999999787,21,6805.0,卖盘
14:14:49,3.24,0.0,112,36297.0,卖盘
14:14:53,3.25,0.009999999999999787,11,3575.0,买盘
14:14:56,3.24,-0.009999999999999787,46,14904.0,卖盘
14:14:59,3.24,0.0,1,324.0,卖盘
14:15:02,3.23,-0.010000000000000231,10000,3232446.0,卖盘
14:15:05,3.24,0.010000000000000231,15,4860.0,买盘
14:15:08,3.24,0.0,25,8100.0,买盘
14:15:12,3.24,0.0,206,66744.0,中性盘
14:15:18,3.24,0.0,96,31104.0,买盘
14:15:21,3.24,0.0,1215,392666.0,卖盘
14:15:24,3.24,0.0,17,5508.0,买盘
14:15:27,3.24,0.0,5,1620.0,买盘
14:15:30,3.23,-0.010000000000000231,1,323.0,卖盘
14:15:33,3.23,0.0,20,6475.0,卖盘
14:15:37,3.24,0.010000000000000231,4,1296.0,买盘
14:15:43,3.24,0.0,2,648.0,买盘
14:15:46,3.24,0.0,11,3564.0,买盘
14:15:50,3.24,0.0,9,2913.0,买盘
14:15:53,3.24,0.0,4,1296.0,买盘
14:15:59,3.24,0.0,4,1296.0,买盘
14:16:02,3.24,0.0,2,648.0,买盘
14:16:09,3.24,0.0,5,1620.0,买盘
14:16:12,3.24,0.0,310,100439.0,买盘
14:16:15,3.25,0.009999999999999787,8,2597.0,买盘
14:16:18,3.25,0.0,13,4217.0,买盘
14:16:21,3.25,0.0,11,3575.0,买盘
14:16:24,3.25,0.0,8,2600.0,买盘
14:16:27,3.25,0.0,12,3900.0,买盘
14:16:33,3.25,0.0,9,2925.0,买盘
14:16:37,3.25,0.0,1,325.0,买盘
14:16:40,3.25,0.0,12,3900.0,买盘
14:16:43,3.25,0.0,32,10400.0,买盘
14:16:47,3.25,0.0,2,650.0,买盘
14:16:50,3.25,0.0,3,975.0,买盘
14:16:53,3.25,0.0,6,1950.0,买盘
14:16:59,3.25,0.0,3,975.0,买盘
14:17:03,3.24,-0.009999999999999787,68,22039.0,卖盘
14:17:06,3.24,0.0,18,5832.0,卖盘
14:17:09,3.25,0.009999999999999787,29,9398.0,买盘
14:17:15,3.25,0.0,5,1625.0,买盘
14:17:18,3.25,0.0,115,37375.0,买盘
14:17:21,3.25,0.0,8,2600.0,买盘
14:17:27,3.24,-0.009999999999999787,8,2595.0,卖盘
14:17:30,3.25,0.009999999999999787,32,10400.0,买盘
14:17:37,3.25,0.0,4,1300.0,买盘
14:17:44,3.25,0.0,9,2925.0,买盘
14:17:47,3.24,-0.009999999999999787,14,4542.0,卖盘
14:17:50,3.25,0.009999999999999787,4,1300.0,买盘
14:17:53,3.25,0.0,24,7781.0,买盘
14:17:56,3.24,-0.009999999999999787,7,2268.0,卖盘
14:18:00,3.24,0.0,39,12638.0,卖盘
14:18:03,3.25,0.009999999999999787,5,1625.0,买盘
14:18:06,3.25,0.0,8,2600.0,买盘
14:18:09,3.25,0.0,8,2600.0,买盘
14:18:12,3.24,-0.009999999999999787,17,5508.0,卖盘
14:18:15,3.25,0.009999999999999787,2,650.0,买盘
14:18:18,3.25,0.0,3,975.0,买盘
14:18:21,3.25,0.0,7,2275.0,买盘
14:18:25,3.25,0.0,1,325.0,买盘
14:18:28,3.25,0.0,3,975.0,买盘
14:18:31,3.25,0.0,4,1300.0,买盘
14:18:38,3.25,0.0,13,4225.0,买盘
14:18:44,3.25,0.0,13,4215.0,买盘
14:18:47,3.24,-0.009999999999999787,22,7132.0,卖盘
14:18:50,3.25,0.009999999999999787,11,3571.0,买盘
14:18:53,3.25,0.0,33,10725.0,买盘
14:18:57,3.25,0.0,80,26000.0,买盘
14:19:00,3.24,-0.009999999999999787,19,6160.0,卖盘
14:19:06,3.25,0.009999999999999787,3,975.0,买盘
14:19:09,3.24,-0.009999999999999787,38,12345.0,卖盘
14:19:12,3.24,0.0,29,9396.0,卖盘
14:19:15,3.25,0.009999999999999787,3,975.0,买盘
14:19:18,3.25,0.0,3,975.0,买盘
14:19:21,3.24,-0.009999999999999787,24,7780.0,卖盘
14:19:25,3.24,0.0,10,3240.0,卖盘
14:19:32,3.24,0.0,143,46335.0,卖盘
14:19:35,3.25,0.009999999999999787,30,9750.0,买盘
14:19:38,3.25,0.0,6,1950.0,买盘
14:19:44,3.25,0.0,5,1625.0,买盘
14:19:54,3.25,0.0,5,1625.0,买盘
14:19:57,3.25,0.0,30,9750.0,买盘
14:20:00,3.25,0.0,95,30785.0,买盘
14:20:03,3.24,-0.009999999999999787,3,972.0,卖盘
14:20:06,3.24,0.0,1,324.0,卖盘
14:20:09,3.24,0.0,39,12638.0,卖盘
14:20:12,3.25,0.009999999999999787,1,325.0,买盘
14:20:16,3.25,0.0,27,8770.0,买盘
14:20:19,3.24,-0.009999999999999787,24,7777.0,卖盘
14:20:22,3.25,0.009999999999999787,12,3900.0,买盘
14:20:26,3.25,0.0,1,325.0,买盘
14:20:29,3.25,0.0,3,975.0,买盘
14:20:32,3.25,0.0,6,1950.0,买盘
14:20:35,3.25,0.0,3,975.0,买盘
14:20:38,3.25,0.0,60,19470.0,买盘
14:20:41,3.25,0.0,25,8110.0,买盘
14:20:44,3.25,0.0,4,1299.0,买盘
14:20:48,3.25,0.0,507,164775.0,买盘
14:20:51,3.25,0.0,25,8125.0,买盘
14:20:54,3.25,0.0,28,9095.0,买盘
14:20:57,3.25,0.0,9,2925.0,买盘
14:21:00,3.25,0.0,593,192725.0,买盘
14:21:03,3.25,0.0,587,190755.0,买盘
14:21:06,3.25,0.0,105,34125.0,买盘
14:21:09,3.25,0.0,192,62400.0,买盘
14:21:12,3.24,-0.009999999999999787,1068,347085.0,卖盘
14:21:15,3.25,0.009999999999999787,270,87750.0,买盘
14:21:18,3.25,0.0,241,78325.0,买盘
14:21:22,3.25,0.0,226,73450.0,买盘
14:21:26,3.25,0.0,255,82875.0,买盘
14:21:29,3.25,0.0,58,18850.0,买盘
14:21:32,3.24,-0.009999999999999787,119,38654.0,卖盘
14:21:35,3.25,0.009999999999999787,95,30875.0,买盘
14:21:38,3.25,0.0,107,34775.0,买盘
14:21:41,3.25,0.0,5,1625.0,买盘
14:21:45,3.25,0.0,40,13000.0,买盘
14:21:48,3.25,0.0,84,27300.0,买盘
14:21:51,3.25,0.0,516,167700.0,买盘
14:21:54,3.24,-0.009999999999999787,186,60444.0,卖盘
14:21:57,3.25,0.009999999999999787,138,44748.0,买盘
14:22:00,3.25,0.0,136,44200.0,买盘
14:22:03,3.25,0.0,605,196519.0,买盘
14:22:06,3.25,0.0,324,105300.0,买盘
14:22:09,3.25,0.0,7,2275.0,买盘
14:22:12,3.25,0.0,370,120250.0,买盘
14:22:16,3.25,0.0,168,54600.0,买盘
14:22:19,3.25,0.0,128,41600.0,买盘
14:22:23,3.25,0.0,235,76375.0,买盘
14:22:26,3.25,0.0,41,13325.0,买盘
14:22:29,3.25,0.0,69,22425.0,买盘
14:22:32,3.25,0.0,15,4871.0,买盘
14:22:35,3.25,0.0,10,3250.0,买盘
14:22:38,3.25,0.0,26,8450.0,买盘
14:22:41,3.25,0.0,7,2275.0,买盘
14:22:45,3.25,0.0,28,9100.0,买盘
14:22:48,3.25,0.0,600,195000.0,买盘
14:22:51,3.25,0.0,797,259213.5,买盘
14:23:03,3.25,0.0,22,7150.0,卖盘
14:23:06,3.25,0.0,25,8125.0,卖盘
14:23:13,3.25,0.0,60,19500.0,卖盘
14:23:23,3.26,0.009999999999999787,58,18908.0,买盘
14:23:26,3.26,0.0,16,5216.0,买盘
14:23:29,3.25,-0.009999999999999787,240,78000.0,卖盘
14:23:32,3.25,0.0,5,1625.0,卖盘
14:23:35,3.26,0.009999999999999787,26,8476.0,买盘
14:23:38,3.26,0.0,8,2608.0,买盘
14:24:06,3.25,-0.009999999999999787,19,6175.0,卖盘
14:24:10,3.25,0.0,16,5200.0,卖盘
14:24:13,3.25,0.0,12,3900.0,卖盘
14:24:16,3.25,0.0,1,325.0,卖盘
14:24:23,3.25,0.0,63,20475.0,卖盘
14:24:26,3.26,0.009999999999999787,60,19550.0,买盘
14:24:29,3.25,-0.009999999999999787,216,70208.0,卖盘
14:24:32,3.26,0.009999999999999787,5,1630.0,买盘
14:24:51,3.25,-0.009999999999999787,10,3250.0,卖盘
14:24:54,3.26,0.009999999999999787,20,6520.0,买盘
14:24:57,3.26,0.0,9,2929.0,买盘
14:25:03,3.25,-0.009999999999999787,1,325.0,卖盘
14:25:07,3.25,0.0,1,325.0,卖盘
14:25:13,3.25,0.0,5,1625.0,卖盘
14:25:17,3.25,0.0,250,81250.0,卖盘
14:25:20,3.25,0.0,135,43875.0,卖盘
14:25:23,3.26,0.009999999999999787,88,28684.0,买盘
14:25:48,3.25,-0.009999999999999787,8,2600.0,卖盘
14:25:51,3.26,0.009999999999999787,205,66721.0,买盘
14:25:54,3.25,-0.009999999999999787,189,61425.0,卖盘
14:25:57,3.25,0.0,23,7475.0,卖盘
14:26:00,3.25,0.0,160,52000.0,卖盘
14:26:04,3.25,0.0,20,6500.0,卖盘
14:26:07,3.25,0.0,42,13650.0,卖盘
14:26:10,3.25,0.0,96,31200.0,卖盘
14:26:13,3.25,0.0,175,56875.0,卖盘
14:26:29,3.25,0.0,4,1300.0,卖盘
14:26:39,3.25,0.0,2,650.0,卖盘
14:26:42,3.25,0.0,2,650.0,卖盘
14:26:48,3.25,0.0,8,2600.0,卖盘
14:27:03,3.25,0.0,6,1950.0,卖盘
14:27:07,3.25,0.0,43,14001.0,卖盘
14:27:10,3.25,0.0,75,24375.0,卖盘
14:27:14,3.25,0.0,11,3575.0,卖盘
14:27:17,3.25,0.0,155,50375.0,卖盘
14:27:20,3.25,0.0,21,6825.0,卖盘
14:27:39,3.26,0.009999999999999787,22,7152.0,买盘
14:27:42,3.25,-0.009999999999999787,31,10075.0,卖盘
