成交时间,成交价,价格变动,成交量（手）,成交额（元）,性质
09:30:01,3.33,0.0,222,73777.0,买盘
09:30:03,3.33,0.0,6761,2251113.56,买盘
09:30:06,3.33,0.0,2364,784810.8400000003,买盘
09:30:09,3.33,0.0,560,186152.41999999993,买盘
09:30:14,3.32,-0.010000000000000231,223,74114.0,卖盘
09:30:17,3.3,-0.020000000000000018,1030,340980.0,卖盘
09:30:20,3.3,0.0,2661,878794.5999999996,卖盘
09:30:24,3.3,0.0,632,207980.0,买盘
09:30:27,3.29,-0.009999999999999787,1324,436897.8200000003,中性盘
09:30:30,3.29,0.0,155,51134.639999999665,买盘
09:30:33,3.29,0.0,546,179748.9299999997,卖盘
09:30:36,3.29,0.0,548,180442.43000000063,卖盘
09:30:39,3.29,0.0,957,315054.31999999937,买盘
09:30:45,3.29,0.0,636,209569.8200000003,卖盘
09:30:48,3.29,0.0,702,231173.41999999993,卖盘
09:30:51,3.29,0.0,540,177854.11000000034,买盘
09:30:54,3.29,0.0,1108,364764.8200000003,卖盘
09:30:57,3.29,0.0,476,156510.0,卖盘
09:31:00,3.29,0.0,279,92064.8200000003,卖盘
09:31:03,3.28,-0.010000000000000231,501,164810.25,卖盘
09:31:06,3.29,0.010000000000000231,151,49758.859999999404,买盘
09:31:10,3.29,0.0,266,87704.8200000003,卖盘
09:31:14,3.29,0.0,272,89451.3200000003,卖盘
09:31:15,3.29,0.0,250,82250.0,买盘
09:31:18,3.29,0.0,183,60351.51999999955,买盘
09:31:21,3.28,-0.010000000000000231,1886,620082.0,卖盘
09:31:24,3.3,0.020000000000000018,435,143308.8200000003,买盘
09:31:29,3.29,-0.009999999999999787,60,19779.0,卖盘
09:31:31,3.3,0.009999999999999787,1361,448798.8200000003,买盘
09:31:35,3.3,0.0,689,227564.69999999925,买盘
09:31:39,3.31,0.010000000000000231,53,17506.41000000015,买盘
09:31:42,3.31,0.0,146,48386.40000000037,买盘
09:31:45,3.31,0.0,753,249133.0,买盘
09:31:48,3.31,0.0,345,114341.39999999851,买盘
09:31:51,3.31,0.0,395,131146.29000000097,卖盘
09:31:54,3.32,0.009999999999999787,194,64288.0,买盘
09:31:57,3.32,0.0,131,43671.98000000045,买盘
09:32:00,3.32,0.0,343,113998.2899999991,买盘
09:32:03,3.32,0.0,56,18590.0,买盘
09:32:06,3.32,0.0,217,71960.0,买盘
09:32:11,3.32,0.0,259,85885.0,买盘
09:32:14,3.32,0.0,1082,359192.0,买盘
09:32:18,3.32,0.0,431,143001.0,买盘
09:32:21,3.32,0.0,579,192222.0,买盘
09:32:24,3.32,0.0,718,238419.0,卖盘
09:32:27,3.32,0.0,537,178342.0,卖盘
09:32:30,3.32,0.0,512,170004.0,卖盘
09:32:33,3.32,0.0,60,19938.0,买盘
09:32:36,3.32,0.0,1022,339779.0,买盘
09:32:42,3.32,0.0,465,154339.0,卖盘
09:32:45,3.32,0.0,951,315629.0,买盘
09:32:49,3.32,0.0,738,245006.0,买盘
09:32:54,3.32,0.0,227,75270.0,买盘
09:32:57,3.33,0.010000000000000231,2324,771959.0,买盘
09:33:02,3.32,-0.010000000000000231,102,33956.0,卖盘
09:33:03,3.33,0.010000000000000231,90,29970.0,买盘
09:33:06,3.32,-0.010000000000000231,478,158696.0,卖盘
09:33:09,3.32,0.0,260,86317.0,买盘
09:33:12,3.32,0.0,240,79678.0,买盘
09:33:18,3.32,0.0,281,93292.0,买盘
09:33:21,3.31,-0.009999999999999787,104,34494.0,卖盘
09:33:24,3.32,0.009999999999999787,138,45811.0,买盘
09:33:29,3.31,-0.009999999999999787,650,215244.0,卖盘
09:33:33,3.32,0.009999999999999787,88,29142.0,买盘
09:33:36,3.31,-0.009999999999999787,300,99449.0,卖盘
09:33:45,3.31,0.0,490,162359.0,卖盘
09:33:48,3.32,0.009999999999999787,83,27533.0,买盘
09:33:51,3.31,-0.009999999999999787,369,122200.0,卖盘
09:33:54,3.32,0.009999999999999787,263,87312.0,买盘
09:33:59,3.31,-0.009999999999999787,201,66692.0,卖盘
09:34:01,3.31,0.0,185,61367.0,卖盘
09:34:05,3.31,0.0,86,28466.0,卖盘
09:34:07,3.31,0.0,71,23501.0,卖盘
09:34:12,3.32,0.009999999999999787,206,68287.0,买盘
09:34:15,3.32,0.0,469,155318.0,买盘
09:34:18,3.31,-0.009999999999999787,44,14566.0,卖盘
09:34:21,3.31,0.0,46,15259.0,卖盘
09:34:24,3.31,0.0,46,15244.0,卖盘
09:34:27,3.31,0.0,316,104618.0,卖盘
09:34:30,3.32,0.009999999999999787,304,100641.0,买盘
09:34:33,3.32,0.0,279,92391.0,买盘
09:34:39,3.31,-0.009999999999999787,253,83832.0,卖盘
09:34:42,3.31,0.0,16,5296.0,卖盘
09:34:45,3.31,0.0,285,94335.0,卖盘
09:34:48,3.31,0.0,441,145971.0,卖盘
09:34:52,3.31,0.0,277,91687.0,卖盘
09:34:56,3.31,0.0,107,35417.0,买盘
09:34:59,3.3,-0.010000000000000231,155,51153.0,卖盘
09:35:02,3.3,0.0,233,77031.0,卖盘
09:35:05,3.3,0.0,1647,543919.0,卖盘
09:35:09,3.31,0.010000000000000231,14,4632.0,买盘
09:35:12,3.3,-0.010000000000000231,14,4622.0,卖盘
09:35:15,3.3,0.0,45,14855.0,卖盘
09:35:18,3.3,0.0,264,87157.0,卖盘
09:35:21,3.31,0.010000000000000231,129,42624.0,买盘
09:35:24,3.31,0.0,136,44911.0,买盘
09:35:27,3.3,-0.010000000000000231,272,89925.0,卖盘
09:35:30,3.3,0.0,242,80040.0,卖盘
09:35:33,3.31,0.010000000000000231,10,3310.0,买盘
09:35:36,3.31,0.0,175,57925.0,买盘
09:35:40,3.31,0.0,509,168159.0,买盘
09:35:42,3.31,0.0,1765,584194.0,买盘
09:35:46,3.31,0.0,167,55172.0,卖盘
09:35:48,3.31,0.0,164,54329.0,卖盘
09:35:53,3.32,0.009999999999999787,145,48077.0,买盘
09:35:56,3.32,0.0,265,87890.0,买盘
09:35:59,3.32,0.0,201,66717.0,买盘
09:36:06,3.32,0.0,471,156352.0,买盘
09:36:09,3.31,-0.009999999999999787,58,19230.0,卖盘
09:36:12,3.32,0.009999999999999787,29,9618.0,买盘
09:36:15,3.32,0.0,104,34516.0,买盘
09:36:18,3.31,-0.009999999999999787,3498,1161543.5199999996,卖盘
09:36:21,3.31,0.0,13,4310.0,卖盘
09:36:24,3.32,0.009999999999999787,378,125361.0,买盘
09:36:27,3.31,-0.009999999999999787,621,205551.0,卖盘
09:36:30,3.32,0.009999999999999787,146,48472.0,买盘
09:36:33,3.31,-0.009999999999999787,114,37736.0,卖盘
09:36:37,3.31,0.0,414,137060.48000000045,卖盘
09:36:39,3.31,0.0,227,75137.0,买盘
09:36:44,3.31,0.0,203,67193.0,买盘
09:36:47,3.31,0.0,93,30779.0,买盘
09:36:50,3.31,0.0,163,53946.0,买盘
09:36:53,3.3,-0.010000000000000231,371,122514.0,卖盘
09:36:54,3.31,0.010000000000000231,6060,2006164.5199999996,买盘
09:36:59,3.3,-0.010000000000000231,196,64697.08000000194,卖盘
09:37:03,3.3,0.0,272,90029.0,卖盘
09:37:09,3.3,0.0,458,151443.59999999776,卖盘
09:37:12,3.29,-0.009999999999999787,241,79492.3200000003,卖盘
09:37:15,3.29,0.0,1306,431574.0,卖盘
09:37:18,3.29,0.0,18,5922.0,卖盘
09:37:21,3.29,0.0,1355,445795.0,卖盘
09:37:24,3.29,0.0,197,64914.9299999997,卖盘
09:37:27,3.29,0.0,7245,2394950.34,买盘
09:37:30,3.31,0.020000000000000018,53,17479.0,买盘
09:37:41,3.31,0.0,69,22819.0,买盘
09:37:44,3.3,-0.010000000000000231,25,8250.0,卖盘
09:37:47,3.3,0.0,708,233511.0,卖盘
09:37:50,3.3,0.0,53,17453.0,中性盘
09:37:53,3.29,-0.009999999999999787,163,53886.0,卖盘
09:37:56,3.3,0.009999999999999787,51,16830.0,买盘
09:38:03,3.3,0.0,114,37625.0,卖盘
09:38:06,3.31,0.010000000000000231,106,35032.0,买盘
09:38:09,3.3,-0.010000000000000231,155,51150.0,卖盘
09:38:12,3.3,0.0,46,15180.0,卖盘
09:38:15,3.31,0.010000000000000231,40,13240.0,买盘
09:38:18,3.3,-0.010000000000000231,231,76230.0,卖盘
09:38:21,3.31,0.010000000000000231,19,6275.0,买盘
09:38:24,3.31,0.0,589,194938.0,买盘
09:38:27,3.3,-0.010000000000000231,16,5280.0,卖盘
09:38:30,3.31,0.010000000000000231,775,256525.0,买盘
09:38:33,3.31,0.0,186,61618.0,卖盘
09:38:38,3.31,0.0,187,61897.0,卖盘
09:38:41,3.31,0.0,37,12247.0,卖盘
09:38:44,3.32,0.009999999999999787,147,48801.0,买盘
09:38:47,3.32,0.0,2794,927608.0,买盘
09:38:49,3.32,0.0,599,199298.0,卖盘
09:38:53,3.32,0.0,65,21584.0,卖盘
09:38:57,3.32,0.0,179,59532.0,卖盘
09:39:00,3.32,0.0,1520,504694.0,卖盘
09:39:03,3.32,0.0,12,3984.0,卖盘
09:39:06,3.32,0.0,233,77356.0,卖盘
09:39:09,3.33,0.010000000000000231,92,30606.0,买盘
09:39:12,3.32,-0.010000000000000231,1373,456836.0,卖盘
09:39:15,3.32,0.0,196,65151.0,买盘
09:39:18,3.32,0.0,3,996.0,卖盘
09:39:21,3.32,0.0,109,36188.0,卖盘
09:39:24,3.32,0.0,51,16942.0,卖盘
09:39:27,3.32,0.0,71,23617.0,卖盘
09:39:30,3.32,0.0,217,72044.0,卖盘
09:39:35,3.33,0.010000000000000231,278,92452.0,买盘
09:39:38,3.33,0.0,173,57566.0,买盘
09:39:41,3.33,0.0,609,202566.0,买盘
09:39:44,3.32,-0.010000000000000231,156,51933.0,中性盘
09:39:47,3.32,0.0,90,29944.0,卖盘
09:39:50,3.33,0.010000000000000231,210,69920.0,买盘
09:39:54,3.32,-0.010000000000000231,243,80852.0,卖盘
09:39:57,3.33,0.010000000000000231,252,83848.0,买盘
09:40:00,3.32,-0.010000000000000231,81,26888.0,买盘
09:40:03,3.32,0.0,221,73372.0,买盘
09:40:06,3.32,0.0,451,149697.0,买盘
09:40:09,3.32,0.0,584,193867.0,卖盘
09:40:12,3.32,0.0,331,109892.0,买盘
09:40:15,3.31,-0.009999999999999787,493,163664.0,卖盘
09:40:18,3.32,0.009999999999999787,372,123376.0,买盘
09:40:21,3.32,0.0,41,13591.0,买盘
09:40:28,3.32,0.0,228,75596.0,买盘
09:40:32,3.32,0.0,183,60703.0,买盘
09:40:35,3.32,0.0,391,129812.0,买盘
09:40:38,3.32,0.0,76,25232.0,卖盘
09:40:41,3.33,0.010000000000000231,164,54612.0,买盘
09:40:44,3.32,-0.010000000000000231,106,35192.0,卖盘
09:40:47,3.33,0.010000000000000231,145,48206.0,买盘
09:40:51,3.33,0.0,80,26582.0,买盘
09:40:54,3.33,0.0,105,34965.0,买盘
09:40:57,3.32,-0.010000000000000231,126,41933.0,卖盘
09:41:00,3.33,0.010000000000000231,40,13320.0,买盘
09:41:03,3.32,-0.010000000000000231,42,13973.0,卖盘
09:41:06,3.33,0.010000000000000231,223,74246.0,买盘
09:41:09,3.32,-0.010000000000000231,19,6323.0,卖盘
09:41:12,3.32,0.0,110,36618.0,卖盘
09:41:15,3.33,0.010000000000000231,84,27955.0,买盘
09:41:18,3.33,0.0,7,2331.0,买盘
09:41:25,3.32,-0.010000000000000231,590,196447.0,卖盘
09:41:29,3.32,0.0,228,75824.0,卖盘
09:41:32,3.32,0.0,128,42553.0,卖盘
09:41:35,3.32,0.0,10,3320.0,卖盘
09:41:38,3.32,0.0,110,36620.0,卖盘
09:41:41,3.32,0.0,45,14962.0,卖盘
09:41:44,3.32,0.0,50,16644.0,卖盘
09:41:48,3.33,0.010000000000000231,251,83467.0,买盘
09:41:51,3.33,0.0,82,27227.0,买盘
09:41:54,3.32,-0.010000000000000231,95,31589.0,卖盘
09:41:57,3.33,0.010000000000000231,19,6309.0,买盘
09:42:00,3.33,0.0,61,20313.0,买盘
09:42:03,3.33,0.0,406,134803.0,买盘
09:42:06,3.32,-0.010000000000000231,199,66261.0,卖盘
09:42:09,3.33,0.010000000000000231,90,29948.0,买盘
09:42:12,3.33,0.0,27,8966.0,买盘
09:42:15,3.33,0.0,52,17297.0,买盘
09:42:22,3.33,0.0,190,63224.0,买盘
09:42:26,3.33,0.0,10,3330.0,买盘
09:42:29,3.33,0.0,129,42957.0,买盘
09:42:32,3.33,0.0,108,35964.0,买盘
09:42:35,3.32,-0.010000000000000231,164,54541.0,卖盘
09:42:38,3.33,0.010000000000000231,278,92574.0,买盘
09:42:41,3.33,0.0,159,52917.0,买盘
09:42:45,3.33,0.0,62,20634.0,买盘
09:42:48,3.33,0.0,54,17982.0,买盘
09:42:51,3.33,0.0,128,42604.0,买盘
09:42:54,3.32,-0.010000000000000231,19,6320.0,卖盘
09:42:57,3.33,0.010000000000000231,236,78588.0,买盘
09:43:00,3.33,0.0,35,11645.0,买盘
09:43:03,3.32,-0.010000000000000231,525,174333.0,卖盘
09:43:06,3.32,0.0,26,8632.0,卖盘
09:43:09,3.32,0.0,127,42179.0,卖盘
09:43:13,3.32,0.0,418,138776.0,卖盘
09:43:16,3.32,0.0,201,66732.0,卖盘
09:43:19,3.32,0.0,215,71380.0,卖盘
09:43:23,3.32,0.0,131,43497.0,卖盘
09:43:26,3.32,0.0,424,140769.0,卖盘
09:43:29,3.32,0.0,391,129813.0,卖盘
09:43:32,3.31,-0.009999999999999787,16,5296.0,卖盘
09:43:35,3.32,0.009999999999999787,44,14608.0,买盘
09:43:38,3.31,-0.009999999999999787,98,32443.0,卖盘
09:43:42,3.31,0.0,14,4634.0,卖盘
09:43:45,3.31,0.0,212,70173.0,卖盘
09:43:48,3.31,0.0,157,51970.0,卖盘
09:43:51,3.31,0.0,74,24518.0,卖盘
09:43:54,3.32,0.009999999999999787,75,24875.0,买盘
09:43:57,3.32,0.0,77,25544.0,买盘
09:44:00,3.31,-0.009999999999999787,16,5296.0,卖盘
09:44:03,3.32,0.009999999999999787,33,10956.0,买盘
09:44:09,3.32,0.0,80,26541.0,买盘
09:44:13,3.32,0.0,3831,1272150.0,买盘
09:44:15,3.33,0.010000000000000231,1460,485771.0,买盘
09:44:20,3.33,0.0,48,15983.0,买盘
09:44:23,3.32,-0.010000000000000231,129,42929.0,卖盘
09:44:26,3.32,0.0,108,35884.0,卖盘
09:44:29,3.32,0.0,187,62239.0,卖盘
09:44:32,3.32,0.0,102,33864.0,卖盘
09:44:35,3.33,0.010000000000000231,42,13969.0,买盘
09:44:39,3.32,-0.010000000000000231,49,16292.0,卖盘
09:44:42,3.33,0.010000000000000231,693,230736.0,买盘
09:44:45,3.34,0.009999999999999787,8454,2815204.0,买盘
09:44:48,3.34,0.0,635,212080.0,买盘
09:44:51,3.34,0.0,108,36072.0,买盘
09:44:54,3.34,0.0,32,10688.0,买盘
09:44:57,3.34,0.0,1819,607030.0,买盘
09:45:00,3.34,0.0,1128,376510.0,买盘
09:45:03,3.34,0.0,128,42747.0,买盘
09:45:06,3.33,-0.009999999999999787,784,261737.0,卖盘
09:45:09,3.34,0.009999999999999787,378,126201.0,买盘
09:45:13,3.34,0.0,43,14362.0,买盘
09:45:16,3.33,-0.009999999999999787,2,666.0,卖盘
09:45:20,3.34,0.009999999999999787,41,13668.0,买盘
09:45:23,3.34,0.0,19,6346.0,买盘
09:45:26,3.34,0.0,551,184034.0,买盘
09:45:29,3.33,-0.009999999999999787,305,101863.0,卖盘
09:45:32,3.34,0.009999999999999787,308,102872.0,买盘
09:45:35,3.33,-0.009999999999999787,402,134258.0,卖盘
09:45:39,3.34,0.009999999999999787,122,40738.0,买盘
09:45:42,3.34,0.0,198,66122.0,买盘
09:45:45,3.34,0.0,622,207738.0,买盘
09:45:48,3.33,-0.009999999999999787,322,107528.0,卖盘
09:45:51,3.33,0.0,464,154926.0,卖盘
09:45:54,3.34,0.009999999999999787,32,10688.0,买盘
09:45:57,3.34,0.0,1831,609864.0,买盘
09:46:00,3.34,0.0,192,64128.0,买盘
09:46:03,3.33,-0.009999999999999787,132,44079.0,卖盘
09:46:06,3.34,0.009999999999999787,338,112891.0,买盘
09:46:10,3.34,0.0,262,87488.0,买盘
09:46:13,3.34,0.0,129,43083.0,买盘
09:46:17,3.34,0.0,150,50090.0,买盘
09:46:20,3.34,0.0,12,4008.0,买盘
09:46:22,3.33,-0.009999999999999787,560,186879.0,卖盘
09:46:26,3.34,0.009999999999999787,279,93118.0,买盘
09:46:29,3.34,0.0,148,49330.0,买盘
09:46:32,3.34,0.0,6,1999.0,买盘
09:46:36,3.34,0.0,2164,722737.0,买盘
09:46:39,3.34,0.0,579,193386.0,买盘
09:46:42,3.34,0.0,279,93250.0,卖盘
09:46:45,3.35,0.010000000000000231,188,62883.0,买盘
09:46:48,3.34,-0.010000000000000231,107,35800.0,卖盘
09:46:51,3.34,0.0,11,3674.0,卖盘
09:46:54,3.35,0.010000000000000231,86,28810.0,买盘
09:46:57,3.35,0.0,11,3685.0,买盘
09:47:00,3.35,0.0,440,147390.0,买盘
09:47:04,3.34,-0.010000000000000231,1427,478034.0,卖盘
09:47:07,3.35,0.010000000000000231,382,127970.0,买盘
09:47:10,3.35,0.0,189,63315.0,买盘
09:47:12,3.35,0.0,119,39865.0,买盘
09:47:17,3.35,0.0,68,22780.0,买盘
09:47:20,3.35,0.0,184,61637.0,买盘
09:47:23,3.35,0.0,153,51255.0,买盘
09:47:26,3.35,0.0,354,118584.0,买盘
09:47:29,3.35,0.0,1308,438162.0,买盘
09:47:33,3.35,0.0,307,102836.0,买盘
09:47:36,3.35,0.0,288,96480.0,买盘
09:47:39,3.35,0.0,605,202595.0,买盘
09:47:42,3.35,0.0,689,230815.0,买盘
09:47:45,3.35,0.0,746,249871.0,买盘
09:47:48,3.35,0.0,997,333995.0,卖盘
09:47:51,3.35,0.0,542,181563.0,买盘
09:47:54,3.35,0.0,726,243253.0,买盘
09:47:57,3.35,0.0,669,224115.0,买盘
09:48:00,3.35,0.0,96,32170.0,卖盘
09:48:04,3.35,0.0,65,21796.0,卖盘
09:48:07,3.35,0.0,177,59334.0,卖盘
09:48:11,3.36,0.009999999999999787,319,107153.0,买盘
09:48:14,3.35,-0.009999999999999787,22,7371.0,卖盘
09:48:17,3.36,0.009999999999999787,546,183456.0,买盘
09:48:20,3.36,0.0,347,116592.0,买盘
09:48:23,3.36,0.0,409,137416.0,买盘
09:48:26,3.36,0.0,297,99792.0,买盘
09:48:30,3.36,0.0,140,46977.0,买盘
09:48:33,3.35,-0.009999999999999787,147,49382.0,卖盘
09:48:36,3.36,0.009999999999999787,277,93052.0,买盘
09:48:39,3.35,-0.009999999999999787,310,103959.0,卖盘
09:48:42,3.36,0.009999999999999787,170,56970.0,买盘
09:48:45,3.36,0.0,83,27888.0,买盘
09:48:48,3.35,-0.009999999999999787,144,48373.0,卖盘
09:48:51,3.36,0.009999999999999787,382,128236.0,买盘
09:48:54,3.36,0.0,152,51069.0,买盘
09:48:57,3.36,0.0,193,64813.0,买盘
09:49:00,3.36,0.0,361,121235.0,买盘
09:49:04,3.36,0.0,676,227133.0,买盘
09:49:07,3.36,0.0,346,116225.0,买盘
09:49:11,3.36,0.0,204,68544.0,买盘
09:49:14,3.36,0.0,374,125664.0,买盘
09:49:17,3.36,0.0,155,52067.0,买盘
09:49:20,3.36,0.0,1584,532224.0,买盘
09:49:23,3.35,-0.009999999999999787,263,88338.0,卖盘
09:49:26,3.36,0.009999999999999787,807,271149.0,买盘
09:49:30,3.36,0.0,34,11404.0,买盘
09:49:33,3.36,0.0,845,283598.0,买盘
09:49:36,3.35,-0.009999999999999787,2964,993283.0,卖盘
09:49:39,3.36,0.009999999999999787,892,298840.0,买盘
09:49:42,3.35,-0.009999999999999787,205,68657.0,中性盘
09:49:45,3.35,0.0,508,170163.0,买盘
09:49:48,3.35,0.0,93,31155.0,买盘
09:49:51,3.35,0.0,292,97820.0,买盘
09:49:54,3.35,0.0,222,74370.0,买盘
09:49:57,3.35,0.0,751,251490.0,买盘
09:50:00,3.35,0.0,231,77385.0,买盘
09:50:04,3.34,-0.010000000000000231,233,77899.0,卖盘
09:50:08,3.35,0.010000000000000231,153,51125.0,买盘
09:50:11,3.35,0.0,358,119785.0,买盘
09:50:14,3.33,-0.020000000000000018,3597,1201753.0,卖盘
09:50:17,3.34,0.009999999999999787,93,31122.0,中性盘
09:50:20,3.34,0.0,186,62240.0,买盘
09:50:23,3.34,0.0,2,668.0,买盘
09:50:26,3.34,0.0,46,15364.0,买盘
09:50:30,3.33,-0.009999999999999787,131,43733.0,卖盘
09:50:33,3.34,0.009999999999999787,541,180391.0,买盘
09:50:36,3.34,0.0,23,7682.0,买盘
09:50:39,3.34,0.0,32,10673.0,买盘
09:50:42,3.34,0.0,95,31705.0,买盘
09:50:45,3.33,-0.009999999999999787,259,86441.0,卖盘
09:50:48,3.33,0.0,5,1665.0,卖盘
09:50:54,3.33,0.0,184,61272.0,卖盘
09:50:57,3.33,0.0,170,56613.0,卖盘
09:51:00,3.33,0.0,50,16690.0,卖盘
09:51:04,3.33,0.0,48,15986.0,卖盘
09:51:08,3.33,0.0,152,50616.0,卖盘
09:51:11,3.34,0.009999999999999787,202,67465.0,买盘
09:51:14,3.33,-0.009999999999999787,48,16027.0,卖盘
09:51:17,3.34,0.009999999999999787,5,1670.0,买盘
09:51:20,3.34,0.0,4,1336.0,买盘
09:51:23,3.34,0.0,41,13673.0,买盘
09:51:26,3.34,0.0,117,39069.0,买盘
09:51:30,3.34,0.0,494,164996.0,买盘
09:51:33,3.34,0.0,48,16029.0,买盘
09:51:36,3.34,0.0,227,75818.0,买盘
09:51:39,3.34,0.0,4,1336.0,买盘
09:51:42,3.34,0.0,136,45388.0,买盘
09:51:45,3.34,0.0,1033,345022.0,买盘
09:51:48,3.34,0.0,135,45090.0,买盘
09:51:51,3.34,0.0,628,209863.0,买盘
09:51:54,3.34,0.0,150,50112.0,卖盘
09:51:58,3.34,0.0,121,40497.0,卖盘
09:52:00,3.34,0.0,10,3340.0,卖盘
09:52:04,3.35,0.010000000000000231,2,670.0,买盘
09:52:08,3.34,-0.010000000000000231,26,8695.0,卖盘
09:52:11,3.34,0.0,512,171008.0,卖盘
09:52:14,3.34,0.0,42,14056.0,卖盘
09:52:17,3.35,0.010000000000000231,46,15380.0,买盘
09:52:20,3.34,-0.010000000000000231,20,6680.0,卖盘
09:52:24,3.35,0.010000000000000231,174,58128.0,买盘
09:52:27,3.34,-0.010000000000000231,19,6346.0,卖盘
09:52:30,3.34,0.0,101,33790.0,卖盘
09:52:33,3.35,0.010000000000000231,95,31823.0,买盘
09:52:36,3.34,-0.010000000000000231,21,7014.0,卖盘
09:52:39,3.35,0.010000000000000231,30,10050.0,买盘
09:52:42,3.35,0.0,40,13400.0,买盘
09:52:48,3.34,-0.010000000000000231,85,28464.0,卖盘
09:52:51,3.35,0.010000000000000231,32,10711.0,买盘
09:52:55,3.35,0.0,28,9380.0,买盘
09:52:58,3.34,-0.010000000000000231,91,30394.0,卖盘
09:53:01,3.35,0.010000000000000231,49,16415.0,买盘
09:53:05,3.35,0.0,162,54268.0,买盘
09:53:08,3.35,0.0,122,40770.0,买盘
09:53:11,3.35,0.0,112,37520.0,买盘
09:53:14,3.35,0.0,138,46214.0,买盘
09:53:17,3.35,0.0,1444,482303.0,买盘
09:53:20,3.34,-0.010000000000000231,710,237702.0,卖盘
09:53:24,3.35,0.010000000000000231,30,10025.0,买盘
09:53:27,3.35,0.0,233,77885.0,买盘
09:53:30,3.35,0.0,143,47865.0,买盘
09:53:33,3.35,0.0,216,72360.0,买盘
09:53:36,3.34,-0.010000000000000231,110,36783.0,卖盘
09:53:39,3.34,0.0,205,68569.0,卖盘
09:53:42,3.35,0.010000000000000231,212,71020.0,买盘
09:53:45,3.34,-0.010000000000000231,51,17055.0,卖盘
09:53:48,3.35,0.010000000000000231,77,25795.0,买盘
09:53:51,3.35,0.0,10,3341.0,买盘
09:53:55,3.35,0.0,18,6027.0,买盘
09:53:58,3.35,0.0,151,50485.0,买盘
09:54:01,3.35,0.0,41,13735.0,买盘
09:54:05,3.35,0.0,10,3350.0,买盘
09:54:08,3.35,0.0,36,12060.0,买盘
09:54:11,3.35,0.0,30,10041.0,买盘
09:54:14,3.35,0.0,187,62500.0,买盘
09:54:17,3.35,0.0,47,15744.0,买盘
09:54:20,3.35,0.0,153,51246.0,买盘
09:54:24,3.35,0.0,36,12060.0,买盘
09:54:27,3.34,-0.010000000000000231,2,668.0,卖盘
09:54:30,3.34,0.0,6,2005.0,卖盘
09:54:33,3.34,0.0,139,46561.0,卖盘
09:54:36,3.35,0.010000000000000231,53,17737.0,买盘
09:54:39,3.35,0.0,97,32485.0,买盘
09:54:42,3.35,0.0,181,60500.0,买盘
09:54:45,3.35,0.0,7,2342.0,买盘
09:54:48,3.35,0.0,79,26456.0,买盘
09:54:51,3.35,0.0,95,31825.0,买盘
09:54:55,3.35,0.0,11,3685.0,买盘
09:54:58,3.35,0.0,745,249570.0,买盘
09:55:02,3.35,0.0,1,335.0,买盘
09:55:05,3.34,-0.010000000000000231,60,20090.0,卖盘
09:55:08,3.35,0.010000000000000231,26,8709.0,买盘
09:55:11,3.34,-0.010000000000000231,151,50541.0,卖盘
09:55:14,3.34,0.0,41,13694.0,卖盘
09:55:17,3.34,0.0,314,105124.0,卖盘
09:55:21,3.34,0.0,48,16043.0,卖盘
09:55:27,3.34,0.0,250,83500.0,卖盘
09:55:30,3.35,0.010000000000000231,140,46899.0,买盘
09:55:33,3.34,-0.010000000000000231,2833,946240.0,卖盘
09:55:36,3.34,0.0,141,47094.0,买盘
09:55:39,3.34,0.0,11,3674.0,卖盘
09:55:45,3.35,0.010000000000000231,9,3015.0,买盘
09:55:48,3.34,-0.010000000000000231,75,25060.0,卖盘
09:55:52,3.35,0.010000000000000231,29,9714.0,买盘
09:55:55,3.34,-0.010000000000000231,1175,392450.0,卖盘
09:55:58,3.34,0.0,113,37742.0,买盘
09:56:02,3.34,0.0,196,65394.0,买盘
09:56:05,3.34,0.0,621,207414.0,买盘
09:56:08,3.35,0.010000000000000231,170,56778.0,买盘
09:56:11,3.34,-0.010000000000000231,159,53106.0,卖盘
09:56:14,3.34,0.0,23,7682.0,卖盘
09:56:17,3.33,-0.009999999999999787,339,113254.0,卖盘
09:56:21,3.34,0.009999999999999787,31,10354.0,中性盘
09:56:24,3.33,-0.009999999999999787,60,19980.0,卖盘
09:56:27,3.34,0.009999999999999787,6,2004.0,买盘
09:56:30,3.34,0.0,3,1002.0,买盘
09:56:33,3.34,0.0,2,668.0,买盘
09:56:36,3.34,0.0,37,12358.0,买盘
09:56:39,3.33,-0.009999999999999787,96,32016.0,卖盘
09:56:42,3.33,0.0,23,7681.0,卖盘
09:56:45,3.33,0.0,157,52284.0,卖盘
09:56:49,3.34,0.009999999999999787,38,12692.0,买盘
09:56:52,3.33,-0.009999999999999787,31,10324.0,卖盘
09:56:56,3.33,0.0,1,333.0,卖盘
09:56:59,3.34,0.009999999999999787,775,258850.0,买盘
09:57:02,3.34,0.0,1,334.0,买盘
09:57:05,3.34,0.0,72,24018.0,买盘
09:57:08,3.34,0.0,107,35738.0,买盘
09:57:11,3.34,0.0,15,5010.0,买盘
09:57:18,3.33,-0.009999999999999787,128,42731.0,卖盘
09:57:21,3.33,0.0,44,14655.0,卖盘
09:57:24,3.34,0.009999999999999787,49,16349.0,买盘
09:57:27,3.33,-0.009999999999999787,30,9996.0,卖盘
09:57:30,3.33,0.0,62,20696.0,卖盘
09:57:33,3.33,0.0,650,216485.0,卖盘
09:57:36,3.34,0.009999999999999787,104,34636.0,买盘
09:57:39,3.34,0.0,236,78590.0,买盘
09:57:42,3.33,-0.009999999999999787,48,15984.0,卖盘
09:57:45,3.34,0.009999999999999787,167,55632.0,买盘
09:57:49,3.33,-0.009999999999999787,2238,745264.0,卖盘
09:57:52,3.33,0.0,454,151182.0,卖盘
09:57:56,3.33,0.0,44,14682.0,卖盘
09:57:59,3.34,0.009999999999999787,22,7348.0,买盘
09:58:02,3.33,-0.009999999999999787,139,46387.0,卖盘
09:58:05,3.34,0.009999999999999787,3,1002.0,买盘
09:58:08,3.33,-0.009999999999999787,159,52947.0,卖盘
09:58:11,3.33,0.0,104,34632.0,卖盘
09:58:15,3.33,0.0,214,71264.0,卖盘
09:58:18,3.33,0.0,130,43290.0,卖盘
09:58:21,3.33,0.0,91,30303.0,卖盘
09:58:24,3.33,0.0,28,9324.0,买盘
09:58:27,3.33,0.0,3,999.0,买盘
09:58:30,3.33,0.0,72,23908.0,买盘
09:58:39,3.33,0.0,497,165501.0,买盘
09:58:46,3.33,0.0,22,7326.0,买盘
09:58:49,3.33,0.0,7,2331.0,买盘
09:58:53,3.33,0.0,425,141399.0,买盘
09:58:56,3.32,-0.010000000000000231,122,40504.0,卖盘
09:58:59,3.32,0.0,279,92867.0,卖盘
09:59:02,3.33,0.010000000000000231,101,33633.0,买盘
09:59:05,3.32,-0.010000000000000231,29,9628.0,卖盘
09:59:08,3.32,0.0,756,250992.0,卖盘
09:59:12,3.33,0.010000000000000231,4,1332.0,买盘
09:59:15,3.32,-0.010000000000000231,11,3652.0,卖盘
09:59:18,3.32,0.0,1128,374504.0,卖盘
09:59:21,3.32,0.0,171,56794.0,卖盘
09:59:24,3.32,0.0,594,197216.0,卖盘
09:59:27,3.33,0.010000000000000231,32,10632.0,买盘
09:59:30,3.32,-0.010000000000000231,81,26892.0,卖盘
09:59:33,3.32,0.0,220,73040.0,买盘
09:59:36,3.32,0.0,487,161962.0,卖盘
09:59:39,3.32,0.0,194,64408.0,卖盘
09:59:43,3.32,0.0,62,20584.0,卖盘
09:59:46,3.32,0.0,116,38481.0,买盘
09:59:50,3.32,0.0,6,1992.0,买盘
09:59:53,3.32,0.0,17,5644.0,买盘
09:59:56,3.31,-0.009999999999999787,118,39153.0,卖盘
09:59:59,3.31,0.0,300,99594.0,卖盘
10:00:02,3.32,0.009999999999999787,3,995.0,买盘
10:00:05,3.32,0.0,450,148980.0,买盘
10:00:08,3.31,-0.009999999999999787,195,64725.0,卖盘
10:00:15,3.31,0.0,90,29790.0,卖盘
10:00:18,3.32,0.009999999999999787,257,85151.0,买盘
10:00:21,3.32,0.0,5,1660.0,买盘
10:00:24,3.32,0.0,630,208713.0,买盘
10:00:27,3.31,-0.009999999999999787,152,50414.0,卖盘
10:00:30,3.32,0.009999999999999787,1499,497553.0,买盘
10:00:36,3.32,0.0,586,194609.0,买盘
10:00:40,3.32,0.0,142,47144.0,卖盘
10:00:43,3.31,-0.009999999999999787,5522,1828502.0,卖盘
10:00:46,3.33,0.020000000000000018,658,218156.0,买盘
10:00:50,3.32,-0.010000000000000231,86,28579.0,卖盘
10:00:53,3.33,0.010000000000000231,55,18290.0,买盘
10:00:56,3.32,-0.010000000000000231,46,15274.0,卖盘
10:00:59,3.32,0.0,36,11952.0,卖盘
10:01:02,3.32,0.0,143,47476.0,卖盘
10:01:05,3.32,0.0,18,5964.0,买盘
10:01:09,3.32,0.0,9,2987.0,买盘
10:01:12,3.31,-0.009999999999999787,3,993.0,卖盘
10:01:15,3.32,0.009999999999999787,31,10292.0,买盘
10:01:18,3.32,0.0,111,36850.0,买盘
10:01:24,3.31,-0.009999999999999787,54,17880.0,卖盘
10:01:27,3.32,0.009999999999999787,34,11279.0,买盘
10:01:30,3.31,-0.009999999999999787,126,41782.0,卖盘
10:01:40,3.31,0.0,4,1324.0,卖盘
10:01:43,3.31,0.0,199,65869.0,卖盘
10:01:47,3.31,0.0,1424,471344.0,卖盘
10:01:50,3.31,0.0,117,38727.0,买盘
10:01:53,3.31,0.0,148,48988.0,买盘
10:01:56,3.3,-0.010000000000000231,25,8268.0,卖盘
10:01:59,3.31,0.010000000000000231,178,58858.0,买盘
10:02:03,3.31,0.0,39,12876.0,买盘
10:02:06,3.31,0.0,95,31399.0,买盘
10:02:09,3.3,-0.010000000000000231,95,31439.0,卖盘
10:02:12,3.31,0.010000000000000231,94,31026.0,买盘
10:02:15,3.31,0.0,20,6620.0,买盘
10:02:18,3.31,0.0,202,66852.0,买盘
10:02:21,3.3,-0.010000000000000231,76,25130.0,卖盘
10:02:24,3.31,0.010000000000000231,112,37062.0,买盘
10:02:27,3.3,-0.010000000000000231,1391,459030.0,卖盘
10:02:30,3.3,0.0,6,1980.0,卖盘
10:02:34,3.31,0.010000000000000231,138,45595.0,买盘
10:02:37,3.31,0.0,1,331.0,买盘
10:02:41,3.3,-0.010000000000000231,196,64740.0,卖盘
10:02:47,3.3,0.0,70,23100.0,卖盘
10:02:50,3.3,0.0,100,33000.0,卖盘
10:02:53,3.3,0.0,267,88112.0,卖盘
10:02:56,3.31,0.010000000000000231,3,993.0,买盘
10:03:00,3.3,-0.010000000000000231,825,272250.0,卖盘
10:03:03,3.3,0.0,99,32692.0,卖盘
10:03:06,3.3,0.0,2380,785451.0,卖盘
10:03:09,3.3,0.0,263,86792.0,卖盘
10:03:12,3.3,0.0,315,103950.0,卖盘
10:03:15,3.3,0.0,644,212743.0,卖盘
10:03:21,3.3,0.0,1053,347490.0,卖盘
10:03:24,3.3,0.0,519,171270.0,买盘
10:03:28,3.3,0.0,67,22110.0,买盘
10:03:31,3.29,-0.009999999999999787,52,17137.0,卖盘
10:03:34,3.3,0.009999999999999787,232,76560.0,买盘
10:03:38,3.29,-0.009999999999999787,45,14840.0,卖盘
10:03:41,3.29,0.0,104,34260.0,卖盘
10:03:44,3.29,0.0,77,25333.0,卖盘
10:03:47,3.29,0.0,446,146741.0,卖盘
10:03:50,3.29,0.0,22,7243.0,卖盘
10:03:53,3.29,0.0,41,13514.0,卖盘
10:03:57,3.29,0.0,124,40796.0,卖盘
10:04:00,3.29,0.0,106,34926.0,卖盘
10:04:03,3.29,0.0,92,30268.0,卖盘
10:04:06,3.29,0.0,388,127663.0,卖盘
10:04:09,3.3,0.009999999999999787,287,94610.0,买盘
10:04:12,3.29,-0.009999999999999787,773,254522.0,卖盘
10:04:18,3.3,0.009999999999999787,44,14520.0,买盘
10:04:21,3.3,0.0,36,11880.0,买盘
10:04:25,3.3,0.0,82,27060.0,买盘
10:04:28,3.3,0.0,299,98670.0,买盘
10:04:31,3.3,0.0,47,15505.0,买盘
10:04:35,3.29,-0.009999999999999787,66,21739.0,卖盘
10:04:38,3.3,0.009999999999999787,83,27390.0,买盘
10:04:41,3.3,0.0,326,107580.0,卖盘
10:04:44,3.29,-0.009999999999999787,761,250481.0,卖盘
10:04:47,3.3,0.009999999999999787,464,152720.0,买盘
10:04:50,3.3,0.0,35,11546.0,买盘
10:04:54,3.29,-0.009999999999999787,77,25407.0,卖盘
10:04:57,3.3,0.009999999999999787,29,9570.0,买盘
10:05:00,3.3,0.0,96,31660.0,买盘
10:05:03,3.3,0.0,25,8250.0,买盘
10:05:06,3.3,0.0,114,37620.0,买盘
10:05:09,3.3,0.0,26,8580.0,买盘
10:05:12,3.3,0.0,22,7260.0,买盘
10:05:15,3.29,-0.009999999999999787,87,28659.0,卖盘
10:05:18,3.3,0.009999999999999787,182,60010.0,买盘
10:05:22,3.3,0.0,72,23759.0,买盘
10:05:25,3.3,0.0,19,6265.0,买盘
10:05:28,3.3,0.0,7,2310.0,买盘
10:05:32,3.3,0.0,61,20130.0,买盘
10:05:35,3.3,0.0,433,142559.0,买盘
10:05:38,3.3,0.0,11,3629.0,买盘
10:05:41,3.3,0.0,222,73074.0,买盘
10:05:44,3.3,0.0,2,660.0,买盘
10:05:47,3.3,0.0,36,11874.0,买盘
10:05:49,3.3,0.0,71,23396.0,买盘
10:05:54,3.3,0.0,253,83490.0,买盘
10:05:57,3.3,0.0,162,53459.0,买盘
10:06:00,3.3,0.0,109,35959.0,买盘
10:06:03,3.3,0.0,21,6930.0,买盘
10:06:06,3.3,0.0,619,204188.0,卖盘
10:06:09,3.29,-0.009999999999999787,769,253143.0,卖盘
10:06:12,3.3,0.009999999999999787,1,330.0,买盘
10:06:15,3.29,-0.009999999999999787,1594,524427.0,卖盘
10:06:18,3.29,0.0,73,24027.0,卖盘
10:06:22,3.29,0.0,1975,649869.0,卖盘
10:06:25,3.29,0.0,518,170422.0,卖盘
10:06:28,3.29,0.0,23,7571.0,卖盘
10:06:32,3.29,0.0,17,5595.0,卖盘
10:06:35,3.3,0.009999999999999787,50,16461.0,买盘
10:06:38,3.3,0.0,75,24750.0,买盘
10:06:41,3.29,-0.009999999999999787,32,10545.0,卖盘
10:06:44,3.29,0.0,35,11515.0,卖盘
10:06:47,3.29,0.0,171,56353.0,卖盘
10:06:51,3.29,0.0,80,26320.0,卖盘
10:06:54,3.29,0.0,685,225375.0,卖盘
10:06:57,3.29,0.0,135,44415.0,买盘
10:07:00,3.29,0.0,125,41125.0,买盘
10:07:03,3.28,-0.010000000000000231,297,97598.0,卖盘
10:07:06,3.29,0.010000000000000231,185,60787.0,买盘
10:07:09,3.29,0.0,282,92777.0,买盘
10:07:12,3.28,-0.010000000000000231,46,15104.0,卖盘
10:07:15,3.28,0.0,103,33786.0,卖盘
10:07:19,3.29,0.010000000000000231,610,200438.0,买盘
10:07:22,3.29,0.0,6,1974.0,买盘
10:07:25,3.29,0.0,10,3290.0,买盘
10:07:29,3.28,-0.010000000000000231,74,24339.0,卖盘
10:07:32,3.29,0.010000000000000231,7,2300.0,买盘
10:07:35,3.29,0.0,46,15091.0,买盘
10:07:38,3.29,0.0,409,134239.0,买盘
10:07:44,3.28,-0.010000000000000231,402,131963.0,卖盘
10:07:48,3.29,0.010000000000000231,21,6909.0,买盘
10:07:51,3.29,0.0,68,22372.0,买盘
10:07:54,3.29,0.0,5,1645.0,买盘
10:07:57,3.29,0.0,18,5917.0,买盘
10:08:00,3.29,0.0,5,1645.0,买盘
10:08:03,3.28,-0.010000000000000231,23,7554.0,卖盘
10:08:09,3.28,0.0,10,3280.0,卖盘
10:08:12,3.28,0.0,194,63633.0,卖盘
10:08:15,3.28,0.0,4,1313.0,卖盘
10:08:19,3.28,0.0,26,8528.0,卖盘
10:08:23,3.28,0.0,110,36080.0,卖盘
10:08:26,3.29,0.010000000000000231,33,10849.0,买盘
10:08:29,3.28,-0.010000000000000231,303,99384.0,卖盘
10:08:35,3.29,0.010000000000000231,74,24339.0,买盘
10:08:38,3.29,0.0,16,5256.0,买盘
10:08:44,3.29,0.0,101,33177.0,买盘
10:08:48,3.29,0.0,11,3619.0,买盘
10:08:54,3.28,-0.010000000000000231,223,73357.0,卖盘
10:08:57,3.29,0.010000000000000231,205,67445.0,买盘
10:09:00,3.28,-0.010000000000000231,12,3946.0,卖盘
10:09:03,3.29,0.010000000000000231,162,53298.0,买盘
10:09:06,3.29,0.0,38,12472.0,买盘
10:09:13,3.29,0.0,10,3290.0,买盘
10:09:16,3.29,0.0,2,658.0,买盘
10:09:19,3.29,0.0,9,2961.0,买盘
10:09:23,3.28,-0.010000000000000231,34,11181.0,卖盘
10:09:26,3.29,0.010000000000000231,15,4935.0,买盘
10:09:29,3.29,0.0,21,6908.0,买盘
10:09:32,3.28,-0.010000000000000231,449,147719.0,卖盘
10:09:35,3.28,0.0,51,16729.0,卖盘
10:09:38,3.29,0.010000000000000231,61,20069.0,买盘
10:09:41,3.28,-0.010000000000000231,174,57082.0,卖盘
10:09:45,3.29,0.010000000000000231,88,28952.0,买盘
10:09:48,3.29,0.0,34,11186.0,买盘
10:09:54,3.28,-0.010000000000000231,10,3280.0,卖盘
10:09:57,3.29,0.010000000000000231,60,19740.0,买盘
10:10:00,3.29,0.0,67,22027.0,买盘
10:10:03,3.29,0.0,60,19740.0,买盘
10:10:06,3.29,0.0,15,4930.0,买盘
10:10:09,3.29,0.0,176,57881.0,买盘
10:10:13,3.29,0.0,105,34540.0,买盘
10:10:16,3.28,-0.010000000000000231,185,60788.0,卖盘
10:10:19,3.29,0.010000000000000231,88,28952.0,买盘
10:10:23,3.28,-0.010000000000000231,68,22325.0,卖盘
10:10:26,3.28,0.0,131,42989.0,卖盘
10:10:29,3.29,0.010000000000000231,2,658.0,买盘
10:10:32,3.29,0.0,51,16733.0,买盘
10:10:35,3.28,-0.010000000000000231,22,7218.0,卖盘
10:10:38,3.29,0.010000000000000231,161,52819.0,买盘
10:10:42,3.29,0.0,37,12173.0,买盘
10:10:48,3.29,0.0,532,174589.0,买盘
10:10:51,3.29,0.0,104,34181.0,买盘
10:10:54,3.29,0.0,134,44086.0,买盘
10:10:57,3.29,0.0,529,173849.0,买盘
10:11:03,3.29,0.0,193,63446.0,买盘
10:11:06,3.29,0.0,164,53956.0,卖盘
10:11:09,3.29,0.0,1,329.0,卖盘
10:11:16,3.29,0.0,176,57904.0,卖盘
10:11:20,3.3,0.009999999999999787,40,13163.0,买盘
10:11:23,3.29,-0.009999999999999787,5,1645.0,卖盘
10:11:29,3.3,0.009999999999999787,17,5603.0,买盘
10:11:32,3.29,-0.009999999999999787,11,3619.0,卖盘
10:11:35,3.3,0.009999999999999787,60,19746.0,买盘
10:11:39,3.3,0.0,64,21096.0,买盘
10:11:42,3.3,0.0,27,8910.0,买盘
10:11:45,3.3,0.0,103,33990.0,买盘
10:11:48,3.3,0.0,158,51990.0,买盘
10:11:54,3.29,-0.009999999999999787,90,29610.0,卖盘
10:11:57,3.29,0.0,67,22099.0,卖盘
10:12:00,3.29,0.0,3,987.0,卖盘
10:12:03,3.3,0.009999999999999787,33,10865.0,买盘
10:12:06,3.29,-0.009999999999999787,51,16829.0,卖盘
10:12:10,3.3,0.009999999999999787,48,15826.0,买盘
10:12:13,3.3,0.0,1,330.0,买盘
10:12:17,3.3,0.0,231,76230.0,买盘
10:12:20,3.3,0.0,72,23760.0,买盘
10:12:26,3.3,0.0,292,96350.0,买盘
10:12:29,3.3,0.0,137,45210.0,买盘
10:12:32,3.29,-0.009999999999999787,130,42834.0,卖盘
10:12:36,3.3,0.009999999999999787,3,990.0,买盘
10:12:45,3.3,0.0,116,38280.0,买盘
10:12:48,3.3,0.0,5,1650.0,买盘
10:12:51,3.3,0.0,768,253440.0,买盘
10:12:54,3.3,0.0,88,29040.0,卖盘
10:13:00,3.3,0.0,190,62702.0,卖盘
10:13:04,3.31,0.010000000000000231,1,331.0,买盘
10:13:07,3.31,0.0,18,5946.0,买盘
10:13:10,3.31,0.0,523,172915.0,买盘
10:13:14,3.29,-0.020000000000000018,834,274862.0,卖盘
10:13:17,3.3,0.009999999999999787,52,17160.0,买盘
10:13:20,3.3,0.0,14,4620.0,买盘
10:13:23,3.3,0.0,309,101970.0,买盘
10:13:29,3.3,0.0,31,10230.0,买盘
10:13:33,3.3,0.0,240,79200.0,买盘
10:13:36,3.3,0.0,105,34650.0,买盘
10:13:39,3.3,0.0,35,11550.0,买盘
10:13:42,3.29,-0.009999999999999787,1,329.0,卖盘
10:13:48,3.3,0.009999999999999787,320,105600.0,买盘
10:13:54,3.3,0.0,21,6920.0,买盘
10:13:57,3.3,0.0,1,330.0,买盘
10:14:01,3.3,0.0,15,4950.0,买盘
10:14:04,3.29,-0.009999999999999787,100,32900.0,卖盘
10:14:11,3.3,0.009999999999999787,1,330.0,买盘
10:14:17,3.29,-0.009999999999999787,1,329.0,卖盘
10:14:20,3.29,0.0,136,44744.0,卖盘
10:14:23,3.29,0.0,32,10530.0,卖盘
10:14:26,3.3,0.009999999999999787,41,13530.0,买盘
10:14:30,3.3,0.0,8,2640.0,买盘
10:14:33,3.3,0.0,22,7260.0,买盘
10:14:42,3.3,0.0,20,6600.0,买盘
10:14:45,3.3,0.0,126,41580.0,买盘
10:14:48,3.3,0.0,392,129360.0,买盘
10:14:51,3.3,0.0,51,16830.0,买盘
10:14:54,3.29,-0.009999999999999787,7,2303.0,卖盘
10:14:57,3.3,0.009999999999999787,234,77220.0,买盘
10:15:01,3.3,0.0,1,330.0,买盘
10:15:04,3.3,0.0,120,39530.0,买盘
10:15:07,3.29,-0.009999999999999787,35,11545.0,卖盘
10:15:11,3.3,0.009999999999999787,59,19465.0,买盘
10:15:17,3.29,-0.009999999999999787,4,1316.0,卖盘
10:15:20,3.29,0.0,3,987.0,卖盘
10:15:23,3.3,0.009999999999999787,6,1980.0,买盘
10:15:36,3.29,-0.009999999999999787,206,67782.0,卖盘
10:15:39,3.29,0.0,25,8238.0,卖盘
10:15:42,3.29,0.0,22,7246.0,卖盘
10:15:45,3.29,0.0,37,12189.0,卖盘
10:15:48,3.29,0.0,5,1645.0,卖盘
10:15:51,3.29,0.0,24,7906.0,卖盘
10:15:54,3.29,0.0,365,120085.0,卖盘
10:16:01,3.3,0.009999999999999787,1,330.0,买盘
10:16:04,3.29,-0.009999999999999787,9,2961.0,卖盘
10:16:08,3.29,0.0,135,44443.0,卖盘
10:16:11,3.3,0.009999999999999787,15,4948.0,买盘
10:16:20,3.29,-0.009999999999999787,802,264360.0,卖盘
10:16:23,3.29,0.0,20,6590.0,卖盘
10:16:27,3.3,0.009999999999999787,226,74580.0,买盘
10:16:36,3.3,0.0,13,4290.0,买盘
10:16:39,3.29,-0.009999999999999787,56,18472.0,卖盘
10:16:45,3.3,0.009999999999999787,401,132014.0,买盘
10:16:51,3.3,0.0,20,6587.0,买盘
10:16:55,3.29,-0.009999999999999787,113,37177.0,卖盘
10:17:01,3.29,0.0,2,658.0,卖盘
10:17:04,3.3,0.009999999999999787,17,5610.0,买盘
10:17:14,3.3,0.0,1,330.0,买盘
10:17:17,3.29,-0.009999999999999787,40,13160.0,卖盘
10:17:20,3.3,0.009999999999999787,14,4609.0,买盘
10:17:27,3.3,0.0,15,4950.0,买盘
10:17:33,3.3,0.0,28,9240.0,买盘
10:17:36,3.3,0.0,31,10230.0,买盘
10:17:48,3.3,0.0,3,989.0,买盘
10:17:55,3.29,-0.009999999999999787,1289,424081.0,卖盘
10:17:58,3.3,0.009999999999999787,264,86857.0,买盘
10:18:01,3.29,-0.009999999999999787,5,1645.0,卖盘
10:18:05,3.29,0.0,21,6910.0,卖盘
10:18:08,3.29,0.0,565,185885.0,卖盘
10:18:11,3.29,0.0,6,1974.0,卖盘
10:18:14,3.29,0.0,109,35861.0,卖盘
10:18:17,3.29,0.0,191,62839.0,卖盘
10:18:20,3.29,0.0,141,46409.0,卖盘
10:18:24,3.29,0.0,91,29939.0,卖盘
10:18:27,3.29,0.0,10,3290.0,卖盘
10:18:36,3.29,0.0,49,16122.0,卖盘
10:18:39,3.29,0.0,5,1645.0,卖盘
10:18:42,3.29,0.0,2344,771185.0,卖盘
10:18:48,3.29,0.0,50,16450.0,买盘
10:18:52,3.28,-0.010000000000000231,1,328.0,卖盘
10:18:55,3.29,0.010000000000000231,31,10199.0,买盘
10:18:58,3.28,-0.010000000000000231,62,20348.0,卖盘
10:19:05,3.28,0.0,10,3280.0,卖盘
10:19:08,3.28,0.0,10,3280.0,卖盘
10:19:14,3.28,0.0,98,32144.0,卖盘
10:19:17,3.29,0.010000000000000231,242,79550.0,买盘
10:19:20,3.28,-0.010000000000000231,351,115128.0,卖盘
10:19:24,3.29,0.010000000000000231,51,16778.0,买盘
10:19:27,3.28,-0.010000000000000231,8,2624.0,卖盘
10:19:36,3.28,0.0,160,52522.0,卖盘
10:19:39,3.28,0.0,31,10168.0,卖盘
10:19:45,3.28,0.0,50,16400.0,卖盘
10:19:52,3.29,0.010000000000000231,22,7218.0,买盘
10:20:02,3.29,0.0,50,16450.0,买盘
10:20:05,3.29,0.0,20,6580.0,买盘
10:20:08,3.28,-0.010000000000000231,70,22961.0,卖盘
10:20:11,3.29,0.010000000000000231,12,3938.0,买盘
10:20:14,3.29,0.0,21,6909.0,买盘
10:20:17,3.29,0.0,100,32900.0,买盘
10:20:21,3.28,-0.010000000000000231,23,7565.0,卖盘
10:20:24,3.29,0.010000000000000231,10,3290.0,买盘
10:20:27,3.29,0.0,30,9851.0,买盘
10:20:30,3.28,-0.010000000000000231,74,24286.0,卖盘
10:20:36,3.28,0.0,707,231896.0,卖盘
10:20:39,3.29,0.010000000000000231,79,25964.0,买盘
10:20:45,3.28,-0.010000000000000231,15,4920.0,卖盘
10:20:49,3.28,0.0,129,42425.0,卖盘
10:20:52,3.29,0.010000000000000231,45,14805.0,买盘
10:20:55,3.29,0.0,150,49350.0,买盘
10:20:59,3.28,-0.010000000000000231,2,656.0,卖盘
10:21:02,3.29,0.010000000000000231,1,329.0,买盘
10:21:05,3.29,0.0,1,329.0,买盘
10:21:08,3.29,0.0,193,63497.0,买盘
10:21:11,3.29,0.0,500,164475.0,买盘
10:21:14,3.29,0.0,331,108862.0,买盘
10:21:18,3.3,0.009999999999999787,408,134243.0,买盘
10:21:21,3.28,-0.020000000000000018,9,2952.0,卖盘
10:21:24,3.29,0.010000000000000231,24,7896.0,卖盘
10:21:27,3.3,0.009999999999999787,23,7590.0,买盘
10:21:30,3.3,0.0,10,3300.0,买盘
10:21:33,3.29,-0.009999999999999787,15,4935.0,卖盘
10:21:46,3.3,0.009999999999999787,89,29284.0,买盘
10:21:49,3.29,-0.009999999999999787,30,9870.0,卖盘
10:21:52,3.3,0.009999999999999787,123,40590.0,买盘
10:21:59,3.3,0.0,8,2640.0,买盘
10:22:05,3.29,-0.009999999999999787,5,1645.0,卖盘
10:22:08,3.3,0.009999999999999787,9,2970.0,买盘
10:22:11,3.3,0.0,146,48178.0,买盘
10:22:15,3.3,0.0,3,990.0,买盘
10:22:18,3.3,0.0,424,139918.0,买盘
10:22:21,3.3,0.0,37,12210.0,买盘
10:22:24,3.29,-0.009999999999999787,144,47376.0,卖盘
10:22:27,3.29,0.0,110,36290.0,卖盘
10:22:30,3.29,0.0,3,987.0,卖盘
10:22:33,3.29,0.0,8,2636.0,卖盘
10:22:36,3.29,0.0,10,3290.0,卖盘
10:22:39,3.3,0.009999999999999787,23,7574.0,买盘
10:22:43,3.29,-0.009999999999999787,9,2962.0,卖盘
10:22:49,3.29,0.0,3,989.0,卖盘
10:22:56,3.29,0.0,54,17766.0,卖盘
10:22:59,3.29,0.0,50,16450.0,卖盘
10:23:05,3.29,0.0,15,4935.0,卖盘
10:23:08,3.29,0.0,73,24040.0,卖盘
10:23:12,3.3,0.009999999999999787,137,45195.0,买盘
10:23:15,3.3,0.0,61,20128.0,买盘
10:23:21,3.3,0.0,46,15180.0,买盘
10:23:27,3.3,0.0,344,113517.0,买盘
10:23:30,3.3,0.0,16,5280.0,买盘
10:23:33,3.3,0.0,92,30360.0,买盘
10:23:37,3.3,0.0,1716,564664.0,买盘
10:23:40,3.3,0.0,372,122760.0,买盘
10:23:43,3.29,-0.009999999999999787,1,329.0,卖盘
10:23:53,3.3,0.009999999999999787,9,2970.0,买盘
10:23:56,3.29,-0.009999999999999787,29,9541.0,卖盘
10:23:59,3.29,0.0,7,2303.0,卖盘
10:24:05,3.3,0.009999999999999787,535,176547.0,买盘
10:24:09,3.3,0.0,226,74526.0,买盘
10:24:12,3.3,0.0,148,48840.0,买盘
10:24:15,3.3,0.0,113,37290.0,买盘
10:24:18,3.3,0.0,4,1320.0,买盘
10:24:21,3.3,0.0,40,13200.0,买盘
10:24:24,3.29,-0.009999999999999787,1842,606018.0,卖盘
10:24:27,3.3,0.009999999999999787,65,21450.0,买盘
10:24:30,3.29,-0.009999999999999787,3,989.0,卖盘
10:24:34,3.3,0.009999999999999787,300,99000.0,买盘
10:24:37,3.3,0.0,100,33000.0,买盘
10:24:40,3.29,-0.009999999999999787,58,19100.0,卖盘
10:24:43,3.3,0.009999999999999787,37,12210.0,买盘
10:24:47,3.29,-0.009999999999999787,80,26320.0,卖盘
10:24:53,3.29,0.0,117,38493.0,卖盘
10:25:02,3.3,0.009999999999999787,10,3300.0,买盘
10:25:06,3.3,0.0,588,193933.0,买盘
10:25:09,3.3,0.0,715,235381.0,买盘
10:25:12,3.3,0.0,25,8250.0,买盘
10:25:15,3.3,0.0,38,12540.0,买盘
10:25:18,3.3,0.0,327,107891.0,买盘
10:25:21,3.3,0.0,112,36955.0,买盘
10:25:24,3.3,0.0,37,12210.0,买盘
10:25:27,3.29,-0.009999999999999787,24,7900.0,卖盘
10:25:30,3.3,0.009999999999999787,5,1650.0,买盘
10:25:34,3.3,0.0,1,330.0,买盘
10:25:37,3.3,0.0,1,330.0,买盘
10:25:41,3.3,0.0,3,990.0,买盘
10:25:44,3.29,-0.009999999999999787,6,1975.0,卖盘
10:25:47,3.3,0.009999999999999787,7,2310.0,买盘
10:25:50,3.3,0.0,45,14850.0,买盘
10:25:56,3.3,0.0,3,990.0,买盘
10:25:59,3.3,0.0,21,6930.0,买盘
10:26:06,3.3,0.0,37,12210.0,买盘
10:26:09,3.29,-0.009999999999999787,179,58891.0,卖盘
10:26:15,3.29,0.0,97,31913.0,卖盘
10:26:21,3.3,0.009999999999999787,27,8884.0,买盘
10:26:24,3.3,0.0,15,4945.0,买盘
10:26:31,3.29,-0.009999999999999787,17,5593.0,卖盘
10:26:44,3.3,0.009999999999999787,104,34317.0,买盘
10:26:47,3.29,-0.009999999999999787,1054,346769.0,卖盘
10:26:50,3.3,0.009999999999999787,9,2970.0,买盘
10:27:06,3.29,-0.009999999999999787,5,1646.0,卖盘
10:27:12,3.3,0.009999999999999787,31,10222.0,买盘
10:27:18,3.29,-0.009999999999999787,94,30970.0,卖盘
10:27:21,3.3,0.009999999999999787,8,2637.0,买盘
10:27:25,3.29,-0.009999999999999787,5,1645.0,卖盘
10:27:31,3.29,0.0,103,33956.0,卖盘
10:27:38,3.29,0.0,55,18146.0,卖盘
10:27:44,3.3,0.009999999999999787,41,13530.0,买盘
10:27:47,3.29,-0.009999999999999787,120,39480.0,卖盘
10:27:54,3.3,0.009999999999999787,13,4290.0,买盘
10:27:57,3.3,0.0,89,29284.0,买盘
10:28:00,3.29,-0.009999999999999787,142,46723.0,卖盘
10:28:03,3.3,0.009999999999999787,23,7576.0,买盘
10:28:06,3.3,0.0,58,19140.0,买盘
10:28:09,3.3,0.0,163,53783.0,买盘
10:28:15,3.3,0.0,23,7590.0,买盘
10:28:19,3.3,0.0,7,2310.0,买盘
10:28:22,3.3,0.0,5,1650.0,买盘
10:28:25,3.29,-0.009999999999999787,159,52443.0,卖盘
10:28:32,3.3,0.009999999999999787,15,4950.0,买盘
10:28:38,3.3,0.0,673,222090.0,买盘
10:28:41,3.3,0.0,58,19140.0,买盘
10:28:44,3.3,0.0,9,2970.0,买盘
10:28:47,3.3,0.0,43,14190.0,买盘
10:28:51,3.3,0.0,54,17820.0,买盘
10:28:54,3.3,0.0,1,330.0,买盘
10:28:57,3.29,-0.009999999999999787,20,6580.0,卖盘
10:29:00,3.3,0.009999999999999787,2,660.0,买盘
10:29:06,3.3,0.0,6,1980.0,买盘
10:29:09,3.3,0.0,151,49829.0,买盘
10:29:12,3.3,0.0,1,330.0,买盘
10:29:15,3.3,0.0,16,5280.0,买盘
10:29:19,3.3,0.0,6,1980.0,买盘
10:29:25,3.3,0.0,4,1320.0,买盘
10:29:29,3.3,0.0,24,7920.0,买盘
10:29:35,3.29,-0.009999999999999787,39,12868.0,卖盘
10:29:38,3.3,0.009999999999999787,11,3630.0,买盘
10:29:44,3.29,-0.009999999999999787,41,13511.0,卖盘
10:29:48,3.3,0.009999999999999787,7,2310.0,买盘
10:29:54,3.29,-0.009999999999999787,64,21087.0,卖盘
10:29:57,3.3,0.009999999999999787,20,6600.0,买盘
10:30:00,3.3,0.0,5,1650.0,买盘
10:30:06,3.3,0.0,185,61035.0,买盘
10:30:09,3.3,0.0,169,55770.0,买盘
10:30:12,3.3,0.0,75,24700.0,买盘
10:30:15,3.29,-0.009999999999999787,159,52312.0,卖盘
10:30:19,3.29,0.0,26,8554.0,卖盘
10:30:22,3.3,0.009999999999999787,8,2633.0,买盘
10:30:26,3.3,0.0,175,57750.0,买盘
10:30:29,3.29,-0.009999999999999787,13,4289.0,卖盘
10:30:32,3.29,0.0,12,3958.0,卖盘
10:30:41,3.3,0.009999999999999787,48,15840.0,买盘
10:30:44,3.29,-0.009999999999999787,186,61194.0,卖盘
10:30:48,3.3,0.009999999999999787,11,3630.0,买盘
10:30:51,3.3,0.0,1,330.0,买盘
10:31:03,3.29,-0.009999999999999787,6,1974.0,卖盘
10:31:09,3.29,0.0,11,3619.0,卖盘
10:31:12,3.3,0.009999999999999787,8,2640.0,买盘
10:31:15,3.29,-0.009999999999999787,25,8225.0,卖盘
10:31:22,3.3,0.009999999999999787,51,16830.0,买盘
10:31:26,3.29,-0.009999999999999787,5,1645.0,卖盘
10:31:29,3.3,0.009999999999999787,121,39930.0,买盘
10:31:32,3.29,-0.009999999999999787,20,6580.0,卖盘
10:31:35,3.29,0.0,50,16450.0,卖盘
10:31:38,3.29,0.0,5,1645.0,卖盘
10:31:45,3.29,0.0,1,329.0,卖盘
10:31:51,3.29,0.0,28,9213.0,卖盘
10:31:54,3.29,0.0,74,24352.0,卖盘
10:31:57,3.29,0.0,27,8893.0,卖盘
10:32:00,3.29,0.0,1,329.0,卖盘
10:32:03,3.29,0.0,5,1647.0,卖盘
10:32:13,3.29,0.0,1,329.0,卖盘
10:32:16,3.3,0.009999999999999787,152,50034.0,买盘
10:32:20,3.3,0.0,4,1320.0,买盘
10:32:23,3.3,0.0,4,1319.0,买盘
10:32:26,3.3,0.0,374,123049.0,买盘
10:32:32,3.29,-0.009999999999999787,17,5593.0,卖盘
10:32:35,3.29,0.0,5,1645.0,卖盘
10:32:45,3.3,0.009999999999999787,155,51150.0,买盘
10:32:54,3.29,-0.009999999999999787,142,46718.0,卖盘
10:33:03,3.29,0.0,54,17766.0,卖盘
10:33:06,3.29,0.0,21,6920.0,卖盘
10:33:10,3.29,0.0,2,658.0,卖盘
10:33:13,3.29,0.0,23,7567.0,卖盘
10:33:17,3.29,0.0,23,7567.0,卖盘
10:33:20,3.29,0.0,219,72051.0,卖盘
10:33:23,3.29,0.0,210,69090.0,卖盘
10:33:26,3.29,0.0,50,16450.0,卖盘
10:33:29,3.3,0.009999999999999787,28,9238.0,买盘
10:33:32,3.29,-0.009999999999999787,2,658.0,卖盘
10:33:36,3.29,0.0,80,26320.0,卖盘
10:33:39,3.29,0.0,500,164502.0,卖盘
10:33:42,3.29,0.0,1740,572452.0,卖盘
10:33:45,3.29,0.0,35,11512.0,买盘
10:33:48,3.29,0.0,96,31583.0,买盘
10:33:51,3.29,0.0,1,329.0,买盘
10:33:54,3.29,0.0,33,10837.0,买盘
10:34:00,3.28,-0.010000000000000231,391,128339.0,卖盘
10:34:10,3.29,0.010000000000000231,55,18094.0,买盘
10:34:14,3.28,-0.010000000000000231,12,3936.0,卖盘
10:34:17,3.28,0.0,5,1640.0,卖盘
10:34:23,3.29,0.010000000000000231,192,63168.0,买盘
10:34:33,3.29,0.0,3,987.0,买盘
10:34:36,3.29,0.0,39,12831.0,买盘
10:34:42,3.28,-0.010000000000000231,3,984.0,卖盘
10:34:45,3.28,0.0,30,9840.0,卖盘
10:34:48,3.28,0.0,13,4266.0,卖盘
10:34:51,3.29,0.010000000000000231,7,2303.0,买盘
10:34:57,3.28,-0.010000000000000231,1,328.0,卖盘
10:35:04,3.28,0.0,6725,2205800.0,卖盘
10:35:07,3.28,0.0,73,23944.0,买盘
10:35:11,3.28,0.0,50,16400.0,买盘
10:35:14,3.27,-0.009999999999999787,83,27151.0,卖盘
10:35:17,3.28,0.009999999999999787,213,69850.0,买盘
10:35:20,3.27,-0.009999999999999787,202,66064.0,卖盘
10:35:23,3.27,0.0,66,21622.0,卖盘
10:35:26,3.27,0.0,197,64419.0,卖盘
10:35:30,3.27,0.0,5,1635.0,卖盘
10:35:33,3.27,0.0,326,106602.0,卖盘
10:35:36,3.27,0.0,45,14715.0,卖盘
10:35:39,3.27,0.0,29,9483.0,卖盘
10:35:42,3.27,0.0,469,153369.0,卖盘
10:35:45,3.27,0.0,294,96278.0,卖盘
10:35:48,3.27,0.0,365,119355.0,卖盘
10:35:55,3.27,0.0,1886,616722.0,卖盘
10:35:58,3.27,0.0,749,244923.0,卖盘
10:36:01,3.27,0.0,796,260292.0,卖盘
10:36:04,3.27,0.0,279,91233.0,卖盘
10:36:08,3.27,0.0,28,9167.0,卖盘
10:36:11,3.27,0.0,53,17331.0,卖盘
10:36:14,3.27,0.0,512,167425.0,卖盘
10:36:17,3.27,0.0,13,4254.0,卖盘
10:36:23,3.27,0.0,107,34989.0,卖盘
10:36:27,3.27,0.0,183,59842.0,卖盘
10:36:30,3.27,0.0,180,58860.0,卖盘
10:36:33,3.28,0.009999999999999787,256,83761.0,买盘
10:36:36,3.27,-0.009999999999999787,69,22563.0,卖盘
10:36:39,3.27,0.0,1,327.0,卖盘
10:36:42,3.27,0.0,50,16350.0,卖盘
10:36:45,3.27,0.0,222,72594.0,卖盘
10:36:51,3.27,0.0,29,9485.0,卖盘
10:36:57,3.27,0.0,31,10137.0,卖盘
10:37:01,3.27,0.0,5,1635.0,卖盘
10:37:05,3.27,0.0,111,36297.0,卖盘
10:37:08,3.27,0.0,336,109872.0,卖盘
10:37:11,3.27,0.0,33,10791.0,卖盘
10:37:14,3.27,0.0,205,67140.0,卖盘
10:37:17,3.27,0.0,242,79361.0,卖盘
10:37:20,3.28,0.009999999999999787,2609,855087.0,买盘
10:37:23,3.28,0.0,538,175983.0,买盘
10:37:27,3.27,-0.009999999999999787,6,1963.0,卖盘
10:37:30,3.28,0.009999999999999787,3,984.0,买盘
10:37:33,3.28,0.0,166,54448.0,买盘
10:37:36,3.28,0.0,10,3280.0,中性盘
10:37:39,3.28,0.0,200,65600.0,卖盘
10:37:42,3.28,0.0,50,16400.0,卖盘
10:37:45,3.29,0.010000000000000231,11,3618.0,买盘
10:37:48,3.28,-0.010000000000000231,10,3280.0,卖盘
10:37:51,3.28,0.0,100,32800.0,卖盘
10:37:55,3.29,0.010000000000000231,200,65800.0,买盘
10:37:58,3.29,0.0,50,16450.0,买盘
10:38:01,3.29,0.0,12,3948.0,买盘
10:38:05,3.28,-0.010000000000000231,10,3280.0,卖盘
10:38:08,3.29,0.010000000000000231,46,15118.0,买盘
10:38:11,3.29,0.0,28,9204.0,买盘
10:38:14,3.28,-0.010000000000000231,36,11828.0,卖盘
10:38:20,3.28,0.0,4,1314.0,卖盘
10:38:24,3.28,0.0,22,7216.0,卖盘
10:38:27,3.28,0.0,1016,333248.0,卖盘
10:38:33,3.28,0.0,8,2624.0,卖盘
10:38:36,3.28,0.0,116,38050.0,卖盘
10:38:39,3.28,0.0,146,47987.0,卖盘
10:38:42,3.29,0.010000000000000231,13,4277.0,买盘
10:38:45,3.28,-0.010000000000000231,94,30832.0,卖盘
10:38:52,3.28,0.0,78,25584.0,卖盘
10:38:55,3.28,0.0,101,33128.0,卖盘
10:38:58,3.29,0.010000000000000231,8,2632.0,买盘
10:39:02,3.28,-0.010000000000000231,109,35752.0,卖盘
10:39:08,3.28,0.0,348,114172.0,卖盘
10:39:17,3.28,0.0,4,1312.0,卖盘
10:39:24,3.28,0.0,11,3608.0,卖盘
10:39:27,3.28,0.0,60,19680.0,卖盘
10:39:30,3.28,0.0,5,1642.0,卖盘
10:39:33,3.28,0.0,99,32472.0,卖盘
10:39:36,3.28,0.0,210,68880.0,卖盘
10:39:39,3.28,0.0,395,129560.0,卖盘
10:39:42,3.28,0.0,114,37392.0,卖盘
10:39:45,3.28,0.0,200,65600.0,卖盘
10:39:49,3.29,0.010000000000000231,30,9862.0,买盘
10:39:55,3.28,-0.010000000000000231,183,60024.0,卖盘
10:39:58,3.28,0.0,8,2624.0,卖盘
10:40:02,3.28,0.0,51,16771.0,卖盘
10:40:05,3.29,0.010000000000000231,3,986.0,买盘
10:40:08,3.28,-0.010000000000000231,1,328.0,卖盘
10:40:11,3.28,0.0,24,7872.0,卖盘
10:40:14,3.28,0.0,366,120048.0,卖盘
10:40:17,3.29,0.010000000000000231,59,19411.0,买盘
10:40:21,3.28,-0.010000000000000231,19,6241.0,卖盘
10:40:24,3.28,0.0,32,10498.0,卖盘
10:40:27,3.28,0.0,4,1312.0,卖盘
10:40:30,3.28,0.0,118,38704.0,卖盘
10:40:33,3.28,0.0,8,2624.0,卖盘
10:40:36,3.28,0.0,138,45271.0,卖盘
10:40:49,3.28,0.0,64,21001.0,卖盘
10:40:55,3.28,0.0,15,4920.0,卖盘
10:40:59,3.28,0.0,7,2296.0,卖盘
10:41:11,3.28,0.0,6,1968.0,卖盘
10:41:14,3.28,0.0,18,5904.0,卖盘
10:41:21,3.28,0.0,3,984.0,卖盘
10:41:24,3.28,0.0,78,25584.0,卖盘
10:41:27,3.28,0.0,44,14432.0,卖盘
10:41:30,3.29,0.010000000000000231,29,9521.0,买盘
10:41:33,3.28,-0.010000000000000231,61,20008.0,卖盘
10:41:36,3.28,0.0,106,34768.0,卖盘
10:41:42,3.28,0.0,38,12464.0,卖盘
10:41:45,3.29,0.010000000000000231,10,3290.0,买盘
10:41:49,3.28,-0.010000000000000231,319,104632.0,卖盘
10:41:52,3.28,0.0,66,21650.0,卖盘
10:41:56,3.28,0.0,110,36080.0,卖盘
10:41:59,3.28,0.0,3,984.0,卖盘
10:42:02,3.28,0.0,16,5248.0,卖盘
10:42:05,3.28,0.0,13,4264.0,卖盘
10:42:08,3.28,0.0,8,2624.0,卖盘
10:42:15,3.28,0.0,6,1968.0,卖盘
10:42:18,3.28,0.0,24,7872.0,卖盘
10:42:21,3.28,0.0,18,5917.0,卖盘
10:42:27,3.29,0.010000000000000231,60,19720.0,买盘
10:42:30,3.28,-0.010000000000000231,136,44608.0,卖盘
10:42:33,3.28,0.0,60,19680.0,卖盘
10:42:36,3.28,0.0,23,7544.0,卖盘
10:42:39,3.28,0.0,7,2296.0,卖盘
10:42:43,3.28,0.0,110,36080.0,卖盘
10:42:46,3.28,0.0,17,5576.0,卖盘
10:42:49,3.28,0.0,66,21648.0,卖盘
10:42:56,3.28,0.0,2,656.0,卖盘
10:42:59,3.29,0.010000000000000231,49,16107.0,买盘
10:43:02,3.28,-0.010000000000000231,7,2297.0,卖盘
10:43:05,3.28,0.0,12,3936.0,卖盘
10:43:08,3.29,0.010000000000000231,3,987.0,买盘
10:43:12,3.29,0.0,13,4277.0,买盘
10:43:15,3.29,0.0,10,3288.0,买盘
10:43:18,3.29,0.0,58,19082.0,买盘
10:43:21,3.28,-0.010000000000000231,264,86599.0,卖盘
10:43:24,3.28,0.0,786,257813.0,卖盘
10:43:27,3.28,0.0,13,4267.0,卖盘
10:43:33,3.29,0.010000000000000231,51,16778.0,买盘
10:43:36,3.28,-0.010000000000000231,9,2952.0,卖盘
10:43:43,3.29,0.010000000000000231,16,5264.0,买盘
10:43:46,3.28,-0.010000000000000231,230,75440.0,卖盘
10:43:50,3.28,0.0,7,2300.0,卖盘
10:43:53,3.28,0.0,4,1312.0,卖盘
10:43:56,3.28,0.0,10,3280.0,卖盘
10:43:59,3.28,0.0,207,67896.0,卖盘
10:44:02,3.28,0.0,15,4922.0,卖盘
10:44:08,3.28,0.0,100,32800.0,卖盘
10:44:12,3.28,0.0,235,77093.0,卖盘
10:44:15,3.28,0.0,37,12147.0,卖盘
10:44:18,3.28,0.0,300,98400.0,卖盘
10:44:21,3.29,0.010000000000000231,9,2961.0,买盘
10:44:24,3.29,0.0,213,69865.0,买盘
10:44:27,3.28,-0.010000000000000231,1,328.0,卖盘
10:44:30,3.29,0.010000000000000231,4,1316.0,买盘
10:44:37,3.29,0.0,1075,353675.0,买盘
10:44:40,3.28,-0.010000000000000231,321,105306.0,卖盘
10:44:43,3.29,0.010000000000000231,442,145418.0,买盘
10:44:47,3.28,-0.010000000000000231,251,82559.0,卖盘
10:44:50,3.29,0.010000000000000231,70,23021.0,买盘
10:44:56,3.28,-0.010000000000000231,3,984.0,卖盘
10:44:59,3.28,0.0,29,9525.0,卖盘
10:45:02,3.29,0.010000000000000231,27,8880.0,买盘
10:45:05,3.28,-0.010000000000000231,56,18369.0,卖盘
10:45:09,3.28,0.0,154,50512.0,卖盘
10:45:18,3.29,0.010000000000000231,2015,662935.0,买盘
10:45:21,3.3,0.009999999999999787,111,36586.0,买盘
10:45:24,3.29,-0.009999999999999787,156,51387.0,卖盘
10:45:27,3.3,0.009999999999999787,34,11220.0,买盘
10:45:30,3.3,0.0,37,12210.0,买盘
10:45:34,3.29,-0.009999999999999787,2127,701900.0,卖盘
10:45:37,3.3,0.009999999999999787,181,59730.0,买盘
10:45:40,3.3,0.0,13,4291.0,卖盘
10:45:43,3.3,0.0,30,9900.0,卖盘
10:45:47,3.3,0.0,5,1650.0,卖盘
10:45:50,3.31,0.010000000000000231,365,120464.0,买盘
10:45:53,3.3,-0.010000000000000231,42,13860.0,卖盘
10:45:56,3.3,0.0,301,99330.0,卖盘
10:45:59,3.3,0.0,12,3970.0,卖盘
10:46:02,3.3,0.0,1,330.0,卖盘
10:46:12,3.3,0.0,16,5280.0,卖盘
10:46:15,3.3,0.0,124,40920.0,卖盘
10:46:18,3.3,0.0,31,10230.0,卖盘
10:46:21,3.3,0.0,26,8580.0,卖盘
10:46:27,3.3,0.0,2,661.0,卖盘
10:46:34,3.3,0.0,6,1980.0,卖盘
10:46:37,3.31,0.010000000000000231,2,662.0,买盘
10:46:47,3.31,0.0,15,4960.0,买盘
10:47:06,3.3,-0.010000000000000231,4,1320.0,卖盘
10:47:09,3.3,0.0,32,10590.0,卖盘
10:47:12,3.31,0.010000000000000231,73,24163.0,买盘
10:47:15,3.31,0.0,31,10261.0,买盘
10:47:18,3.31,0.0,9,2979.0,买盘
10:47:21,3.31,0.0,67,22177.0,买盘
10:47:24,3.31,0.0,31,10261.0,买盘
10:47:30,3.31,0.0,81,26801.0,买盘
10:47:34,3.31,0.0,250,82750.0,买盘
10:47:44,3.31,0.0,12,3972.0,买盘
10:47:47,3.31,0.0,3,993.0,买盘
10:47:50,3.31,0.0,9,2979.0,买盘
10:47:53,3.3,-0.010000000000000231,66,21780.0,卖盘
10:48:02,3.31,0.010000000000000231,2,662.0,买盘
10:48:09,3.31,0.0,264,87384.0,买盘
10:48:12,3.31,0.0,4,1324.0,买盘
10:48:15,3.3,-0.010000000000000231,52,17160.0,卖盘
10:48:18,3.31,0.010000000000000231,673,222763.0,买盘
10:48:24,3.3,-0.010000000000000231,75,24750.0,卖盘
10:48:31,3.31,0.010000000000000231,250,82750.0,买盘
10:48:37,3.31,0.0,6,1986.0,买盘
10:48:41,3.3,-0.010000000000000231,22,7260.0,卖盘
10:48:50,3.31,0.010000000000000231,3,993.0,买盘
10:49:03,3.31,0.0,13,4303.0,买盘
10:49:18,3.3,-0.010000000000000231,123,40590.0,卖盘
10:49:21,3.3,0.0,5,1650.0,卖盘
10:49:24,3.3,0.0,2,661.0,卖盘
10:49:28,3.31,0.010000000000000231,74,24429.0,买盘
10:49:31,3.3,-0.010000000000000231,100,33000.0,卖盘
10:49:34,3.3,0.0,10,3300.0,卖盘
10:49:37,3.3,0.0,4,1320.0,卖盘
10:49:41,3.3,0.0,13,4290.0,卖盘
10:49:44,3.31,0.010000000000000231,12,3972.0,买盘
10:49:47,3.31,0.0,15,4965.0,买盘
10:49:50,3.3,-0.010000000000000231,4,1320.0,卖盘
10:49:53,3.31,0.010000000000000231,1,331.0,买盘
10:49:56,3.3,-0.010000000000000231,4,1320.0,卖盘
10:50:00,3.3,0.0,50,16500.0,卖盘
10:50:03,3.3,0.0,13,4300.0,卖盘
10:50:06,3.31,0.010000000000000231,5,1653.0,买盘
10:50:09,3.3,-0.010000000000000231,2,660.0,卖盘
10:50:12,3.31,0.010000000000000231,26,8581.0,买盘
10:50:15,3.3,-0.010000000000000231,46,15210.0,卖盘
10:50:18,3.3,0.0,108,35720.0,卖盘
10:50:21,3.3,0.0,45,14853.0,卖盘
10:50:24,3.3,0.0,53,17499.0,卖盘
10:50:28,3.3,0.0,30,9900.0,卖盘
10:50:31,3.3,0.0,26,8580.0,卖盘
10:50:34,3.3,0.0,27,8910.0,卖盘
10:50:38,3.3,0.0,73,24130.0,卖盘
10:50:41,3.3,0.0,345,113859.0,卖盘
10:50:44,3.3,0.0,103,33990.0,卖盘
10:50:47,3.3,0.0,83,27390.0,卖盘
10:50:53,3.3,0.0,203,66990.0,卖盘
10:50:57,3.3,0.0,72,23760.0,卖盘
10:51:00,3.3,0.0,255,84150.0,卖盘
10:51:03,3.3,0.0,100,33000.0,卖盘
10:51:06,3.31,0.010000000000000231,2,662.0,买盘
10:51:09,3.3,-0.010000000000000231,10,3300.0,卖盘
10:51:12,3.3,0.0,1080,356401.0,卖盘
10:51:15,3.3,0.0,390,128700.0,卖盘
10:51:18,3.3,0.0,12,3960.0,卖盘
10:51:21,3.3,0.0,329,108570.0,卖盘
10:51:31,3.3,0.0,802,264660.0,卖盘
10:51:35,3.3,0.0,68,22440.0,买盘
10:51:38,3.3,0.0,144,47604.0,卖盘
10:51:41,3.3,0.0,2,660.0,卖盘
10:51:44,3.3,0.0,69,22770.0,卖盘
10:51:47,3.3,0.0,182,60090.0,卖盘
10:51:50,3.3,0.0,197,65010.0,卖盘
10:51:54,3.3,0.0,1,330.0,买盘
10:51:57,3.3,0.0,25,8250.0,买盘
10:52:03,3.3,0.0,94,31020.0,买盘
10:52:06,3.3,0.0,48,15794.0,买盘
10:52:09,3.29,-0.009999999999999787,51,16780.0,卖盘
10:52:12,3.3,0.009999999999999787,20,6600.0,买盘
10:52:22,3.29,-0.009999999999999787,7,2303.0,卖盘
10:52:35,3.3,0.009999999999999787,8,2633.0,买盘
10:52:44,3.3,0.0,23,7590.0,买盘
10:52:47,3.29,-0.009999999999999787,2,658.0,卖盘
10:52:51,3.29,0.0,60,19750.0,卖盘
10:52:54,3.29,0.0,2,658.0,卖盘
10:52:57,3.29,0.0,126,41537.0,卖盘
10:53:03,3.3,0.009999999999999787,12,3950.0,买盘
10:53:09,3.29,-0.009999999999999787,65,21410.0,卖盘
10:53:19,3.29,0.0,9,2961.0,卖盘
10:53:25,3.3,0.009999999999999787,40,13167.0,买盘
10:53:28,3.29,-0.009999999999999787,33,10857.0,卖盘
10:53:32,3.29,0.0,5,1645.0,卖盘
10:53:38,3.29,0.0,25,8225.0,卖盘
10:53:44,3.29,0.0,56,18427.0,卖盘
10:53:47,3.29,0.0,18,5922.0,卖盘
10:53:51,3.29,0.0,35,11515.0,卖盘
10:53:54,3.29,0.0,12,3948.0,卖盘
10:54:00,3.29,0.0,21,6929.0,卖盘
10:54:06,3.29,0.0,24,7896.0,卖盘
10:54:12,3.29,0.0,7,2303.0,卖盘
10:54:19,3.29,0.0,7,2303.0,卖盘
10:54:22,3.29,0.0,10,3290.0,卖盘
10:54:26,3.29,0.0,13,4277.0,卖盘
10:54:32,3.29,0.0,110,36190.0,卖盘
10:54:38,3.29,0.0,50,16450.0,卖盘
10:54:41,3.29,0.0,4,1316.0,卖盘
10:54:48,3.29,0.0,88,28970.0,卖盘
10:54:51,3.29,0.0,40,13160.0,卖盘
10:54:57,3.29,0.0,27,8883.0,卖盘
10:55:03,3.29,0.0,66,21714.0,卖盘
10:55:06,3.3,0.009999999999999787,98,32330.0,买盘
10:55:16,3.29,-0.009999999999999787,257,84553.0,卖盘
10:55:19,3.29,0.0,65,21385.0,卖盘
10:55:22,3.29,0.0,11,3619.0,卖盘
10:55:26,3.29,0.0,82,26978.0,卖盘
10:55:29,3.29,0.0,62,20398.0,卖盘
10:55:35,3.29,0.0,20,6580.0,卖盘
10:55:38,3.29,0.0,11,3619.0,卖盘
10:55:51,3.29,0.0,46,15134.0,卖盘
10:55:57,3.29,0.0,5,1645.0,卖盘
10:56:00,3.29,0.0,25,8225.0,卖盘
10:56:03,3.29,0.0,380,125020.0,卖盘
10:56:06,3.29,0.0,359,118111.0,买盘
10:56:09,3.29,0.0,70,23030.0,买盘
10:56:13,3.29,0.0,135,44470.0,卖盘
10:56:16,3.3,0.009999999999999787,11,3630.0,买盘
10:56:19,3.29,-0.009999999999999787,31,10227.0,卖盘
10:56:29,3.3,0.009999999999999787,150,49500.0,买盘
10:56:35,3.29,-0.009999999999999787,5,1645.0,卖盘
10:56:54,3.3,0.009999999999999787,5,1650.0,买盘
10:57:03,3.3,0.0,60,19800.0,买盘
10:57:06,3.29,-0.009999999999999787,49,16126.0,卖盘
10:57:13,3.29,0.0,8,2632.0,卖盘
10:57:19,3.3,0.009999999999999787,1,330.0,买盘
10:57:26,3.29,-0.009999999999999787,49,16121.0,卖盘
10:57:29,3.29,0.0,12,3948.0,卖盘
10:57:32,3.29,0.0,6,1974.0,卖盘
10:57:41,3.29,0.0,46,15134.0,卖盘
10:57:54,3.29,0.0,100,32900.0,卖盘
10:57:57,3.3,0.009999999999999787,11,3630.0,买盘
10:58:00,3.29,-0.009999999999999787,10,3290.0,卖盘
10:58:06,3.3,0.009999999999999787,122,40198.0,买盘
10:58:19,3.29,-0.009999999999999787,8,2632.0,卖盘
10:58:26,3.29,0.0,55,18095.0,卖盘
10:58:35,3.3,0.009999999999999787,5,1650.0,买盘
10:58:38,3.29,-0.009999999999999787,3,987.0,卖盘
10:59:00,3.29,0.0,5,1645.0,卖盘
10:59:03,3.3,0.009999999999999787,20,6600.0,买盘
10:59:06,3.29,-0.009999999999999787,1,329.0,卖盘
10:59:13,3.29,0.0,3,987.0,卖盘
10:59:23,3.29,0.0,23,7567.0,卖盘
10:59:26,3.29,0.0,240,78960.0,卖盘
10:59:38,3.29,0.0,68,22372.0,卖盘
10:59:42,3.29,0.0,72,23688.0,卖盘
10:59:45,3.29,0.0,12,3948.0,卖盘
10:59:48,3.29,0.0,57,18753.0,卖盘
10:59:51,3.29,0.0,2,658.0,卖盘
11:00:00,3.29,0.0,13,4277.0,卖盘
11:00:03,3.3,0.009999999999999787,50,16500.0,买盘
11:00:10,3.29,-0.009999999999999787,6,1975.0,卖盘
11:00:13,3.29,0.0,1,329.0,卖盘
11:00:16,3.29,0.0,179,58891.0,卖盘
11:00:20,3.29,0.0,43,14152.0,卖盘
11:00:23,3.29,0.0,17,5593.0,卖盘
11:00:26,3.29,0.0,35,11515.0,卖盘
11:00:29,3.29,0.0,52,17108.0,卖盘
11:00:42,3.29,0.0,2,658.0,卖盘
11:00:51,3.29,0.0,514,169110.0,卖盘
11:00:54,3.29,0.0,293,96397.0,卖盘
11:00:57,3.29,0.0,557,183253.0,卖盘
11:01:00,3.29,0.0,107,35203.0,卖盘
11:01:03,3.3,0.009999999999999787,34,11196.0,买盘
11:01:17,3.29,-0.009999999999999787,3,987.0,卖盘
11:01:20,3.29,0.0,5,1645.0,卖盘
11:01:23,3.29,0.0,40,13160.0,卖盘
11:01:29,3.29,0.0,7,2303.0,卖盘
11:01:32,3.3,0.009999999999999787,50,16500.0,买盘
11:01:36,3.29,-0.009999999999999787,63,20727.0,卖盘
11:01:39,3.29,0.0,105,34545.0,买盘
11:01:45,3.29,0.0,19,6251.0,买盘
11:01:48,3.29,0.0,6,1974.0,买盘
11:01:51,3.29,0.0,19,6251.0,买盘
11:01:54,3.29,0.0,10,3290.0,买盘
11:02:00,3.29,0.0,1,329.0,买盘
11:02:10,3.28,-0.010000000000000231,1,328.0,卖盘
11:02:17,3.29,0.010000000000000231,3,987.0,买盘
11:02:20,3.28,-0.010000000000000231,5,1640.0,卖盘
11:02:23,3.28,0.0,200,65600.0,卖盘
11:02:26,3.28,0.0,31,10168.0,卖盘
11:02:29,3.28,0.0,5,1640.0,卖盘
11:02:36,3.28,0.0,44,14432.0,卖盘
11:02:39,3.28,0.0,3,984.0,卖盘
11:02:42,3.28,0.0,13,4264.0,卖盘
11:02:45,3.28,0.0,36,11815.0,卖盘
11:02:48,3.28,0.0,27,8856.0,卖盘
11:02:54,3.28,0.0,3,984.0,卖盘
11:03:04,3.28,0.0,3,984.0,卖盘
11:03:14,3.28,0.0,19,6232.0,卖盘
11:03:23,3.28,0.0,5,1640.0,卖盘
11:03:26,3.28,0.0,50,16400.0,卖盘
11:03:29,3.28,0.0,10,3280.0,卖盘
11:03:33,3.28,0.0,39,12792.0,卖盘
11:03:39,3.29,0.010000000000000231,7,2303.0,买盘
11:03:42,3.28,-0.010000000000000231,2,656.0,卖盘
11:03:48,3.28,0.0,843,276504.0,卖盘
11:03:51,3.28,0.0,5,1640.0,卖盘
11:03:54,3.28,0.0,20,6560.0,卖盘
11:03:58,3.28,0.0,8,2624.0,卖盘
11:04:01,3.28,0.0,20,6560.0,卖盘
11:04:08,3.28,0.0,159,52152.0,卖盘
11:04:11,3.28,0.0,40,13120.0,卖盘
11:04:14,3.28,0.0,7,2296.0,卖盘
11:04:17,3.28,0.0,66,21650.0,卖盘
11:04:23,3.28,0.0,14,4592.0,卖盘
11:04:27,3.28,0.0,170,55760.0,卖盘
11:04:30,3.28,0.0,6,1968.0,卖盘
11:04:33,3.28,0.0,18,5912.0,卖盘
11:04:36,3.28,0.0,3,984.0,卖盘
11:04:42,3.28,0.0,2,656.0,卖盘
11:04:45,3.28,0.0,10,3280.0,卖盘
11:04:51,3.28,0.0,12,3936.0,卖盘
11:04:55,3.28,0.0,91,29848.0,卖盘
11:04:58,3.29,0.010000000000000231,6,1974.0,买盘
11:05:01,3.28,-0.010000000000000231,53,17384.0,卖盘
11:05:05,3.28,0.0,18,5904.0,卖盘
11:05:08,3.28,0.0,1,328.0,卖盘
11:05:11,3.28,0.0,31,10168.0,卖盘
11:05:14,3.28,0.0,531,174168.0,卖盘
11:05:17,3.28,0.0,176,57728.0,卖盘
11:05:20,3.28,0.0,19,6232.0,卖盘
11:05:24,3.28,0.0,186,61008.0,卖盘
11:05:27,3.28,0.0,4,1312.0,卖盘
11:05:30,3.28,0.0,22,7216.0,卖盘
11:05:33,3.28,0.0,86,28268.0,卖盘
11:05:36,3.28,0.0,385,126626.0,卖盘
11:05:39,3.28,0.0,16,5248.0,卖盘
11:05:42,3.28,0.0,20,6560.0,卖盘
11:05:48,3.28,0.0,67,21996.0,卖盘
11:05:55,3.28,0.0,106,34768.0,卖盘
11:06:01,3.28,0.0,71,23288.0,卖盘
11:06:11,3.28,0.0,61,20008.0,卖盘
11:06:14,3.28,0.0,64,20992.0,卖盘
11:06:17,3.28,0.0,3,984.0,卖盘
11:06:27,3.28,0.0,445,145960.0,卖盘
11:06:30,3.28,0.0,38,12464.0,卖盘
11:06:33,3.28,0.0,31,10168.0,卖盘
11:06:36,3.29,0.010000000000000231,16,5250.0,买盘
11:06:39,3.28,-0.010000000000000231,146,47898.0,卖盘
11:06:45,3.28,0.0,100,32800.0,卖盘
11:06:48,3.28,0.0,1,328.0,卖盘
11:06:58,3.28,0.0,31,10168.0,卖盘
11:07:01,3.28,0.0,10,3280.0,卖盘
11:07:05,3.28,0.0,101,33228.0,卖盘
11:07:08,3.28,0.0,2,656.0,卖盘
11:07:11,3.28,0.0,45,14760.0,卖盘
11:07:14,3.28,0.0,85,27880.0,卖盘
11:07:17,3.28,0.0,6,1968.0,卖盘
11:07:20,3.28,0.0,1,328.0,卖盘
11:07:24,3.28,0.0,520,170560.0,卖盘
11:07:27,3.27,-0.009999999999999787,121,39686.0,卖盘
11:07:30,3.28,0.009999999999999787,2,656.0,买盘
11:07:36,3.27,-0.009999999999999787,6,1965.0,卖盘
11:07:39,3.28,0.009999999999999787,680,222540.0,买盘
11:07:42,3.27,-0.009999999999999787,7,2289.0,卖盘
11:07:52,3.27,0.0,12,3924.0,卖盘
11:07:55,3.27,0.0,231,75547.0,卖盘
11:08:01,3.27,0.0,1224,400248.0,卖盘
11:08:05,3.28,0.009999999999999787,300,98116.0,买盘
11:08:11,3.27,-0.009999999999999787,2,654.0,卖盘
11:08:20,3.27,0.0,2,654.0,卖盘
11:08:27,3.27,0.0,40,13080.0,卖盘
11:08:30,3.27,0.0,15,4905.0,卖盘
11:08:33,3.27,0.0,63,20601.0,卖盘
11:08:36,3.27,0.0,23,7521.0,卖盘
11:08:42,3.28,0.009999999999999787,6,1968.0,买盘
11:08:45,3.27,-0.009999999999999787,38,12426.0,卖盘
11:08:55,3.27,0.0,19,6215.0,卖盘
11:08:58,3.27,0.0,6,1962.0,卖盘
11:09:02,3.27,0.0,46,15042.0,卖盘
11:09:05,3.27,0.0,2,654.0,卖盘
11:09:11,3.28,0.009999999999999787,6,1968.0,买盘
11:09:14,3.27,-0.009999999999999787,3,981.0,卖盘
11:09:17,3.27,0.0,29,9483.0,卖盘
11:09:24,3.27,0.0,2,654.0,卖盘
11:09:27,3.28,0.009999999999999787,3,984.0,买盘
11:09:33,3.27,-0.009999999999999787,18,5886.0,卖盘
11:09:36,3.27,0.0,7,2289.0,卖盘
11:09:39,3.27,0.0,2,654.0,卖盘
11:09:42,3.27,0.0,44,14388.0,卖盘
11:09:46,3.27,0.0,48,15697.0,卖盘
11:09:49,3.28,0.009999999999999787,10,3280.0,买盘
11:09:52,3.27,-0.009999999999999787,42,13734.0,卖盘
11:09:59,3.27,0.0,15,4912.0,卖盘
11:10:02,3.28,0.009999999999999787,3,982.0,买盘
11:10:05,3.28,0.0,1,328.0,买盘
11:10:08,3.27,-0.009999999999999787,9,2950.0,卖盘
11:10:11,3.28,0.009999999999999787,4,1312.0,买盘
11:10:14,3.27,-0.009999999999999787,100,32700.0,卖盘
11:10:18,3.27,0.0,351,115125.0,卖盘
11:10:21,3.28,0.009999999999999787,12,3936.0,买盘
11:10:24,3.28,0.0,527,172455.0,买盘
11:10:27,3.27,-0.009999999999999787,141,46169.0,卖盘
11:10:30,3.27,0.0,160,52320.0,卖盘
11:10:33,3.27,0.0,140,45809.0,卖盘
11:10:39,3.27,0.0,20,6540.0,卖盘
11:10:42,3.27,0.0,4,1309.0,卖盘
11:10:49,3.28,0.009999999999999787,2,656.0,买盘
11:10:52,3.27,-0.009999999999999787,12,3934.0,卖盘
11:10:55,3.28,0.009999999999999787,8,2624.0,买盘
11:10:59,3.28,0.0,23,7544.0,买盘
11:11:05,3.27,-0.009999999999999787,343,112161.0,卖盘
11:11:11,3.27,0.0,2,654.0,卖盘
11:11:14,3.28,0.009999999999999787,33,10824.0,买盘
11:11:21,3.27,-0.009999999999999787,3,982.0,卖盘
11:11:27,3.27,0.0,19,6213.0,卖盘
11:11:30,3.27,0.0,15,4905.0,卖盘
11:11:33,3.28,0.009999999999999787,161,52654.0,买盘
11:11:36,3.27,-0.009999999999999787,2,654.0,卖盘
11:11:39,3.28,0.009999999999999787,4,1312.0,买盘
11:11:43,3.27,-0.009999999999999787,92,30084.0,卖盘
11:11:46,3.27,0.0,3,981.0,卖盘
11:11:49,3.27,0.0,15,4907.0,卖盘
11:11:52,3.28,0.009999999999999787,1,328.0,买盘
11:11:56,3.27,-0.009999999999999787,2,654.0,卖盘
11:11:59,3.27,0.0,171,55917.0,卖盘
11:12:05,3.27,0.0,37,12099.0,卖盘
11:12:11,3.27,0.0,1,327.0,卖盘
11:12:15,3.27,0.0,18,5886.0,卖盘
11:12:18,3.28,0.009999999999999787,32,10496.0,买盘
11:12:24,3.27,-0.009999999999999787,92,30084.0,卖盘
11:12:27,3.28,0.009999999999999787,6,1968.0,买盘
11:12:30,3.27,-0.009999999999999787,3,981.0,卖盘
11:12:36,3.27,0.0,10,3270.0,卖盘
11:12:39,3.27,0.0,3,982.0,卖盘
11:12:46,3.27,0.0,5,1635.0,卖盘
11:12:49,3.27,0.0,2,654.0,卖盘
11:12:53,3.27,0.0,30,9810.0,卖盘
11:12:56,3.27,0.0,6,1962.0,卖盘
11:12:59,3.27,0.0,7,2293.0,卖盘
11:13:02,3.28,0.009999999999999787,50,16400.0,买盘
11:13:05,3.28,0.0,15,4920.0,买盘
11:13:08,3.27,-0.009999999999999787,5,1638.0,卖盘
11:13:12,3.28,0.009999999999999787,6,1968.0,买盘
11:13:15,3.28,0.0,8,2624.0,买盘
11:13:18,3.27,-0.009999999999999787,7,2294.0,卖盘
11:13:21,3.28,0.009999999999999787,11,3608.0,买盘
11:13:24,3.27,-0.009999999999999787,20,6557.0,卖盘
11:13:27,3.27,0.0,183,59850.0,卖盘
11:13:30,3.28,0.009999999999999787,9,2952.0,买盘
11:13:33,3.27,-0.009999999999999787,2,654.0,卖盘
11:13:43,3.27,0.0,3,981.0,卖盘
11:13:46,3.27,0.0,43,14064.0,卖盘
11:13:50,3.28,0.009999999999999787,3,984.0,买盘
11:13:53,3.27,-0.009999999999999787,2,654.0,卖盘
11:13:56,3.27,0.0,13,4251.0,卖盘
11:13:59,3.28,0.009999999999999787,9,2950.0,买盘
11:14:02,3.27,-0.009999999999999787,3,982.0,卖盘
11:14:05,3.28,0.009999999999999787,20,6560.0,买盘
11:14:09,3.28,0.0,5,1640.0,买盘
11:14:12,3.27,-0.009999999999999787,10,3277.0,卖盘
11:14:15,3.28,0.009999999999999787,4,1312.0,买盘
11:14:18,3.28,0.0,3,984.0,买盘
11:14:21,3.28,0.0,313,102662.0,买盘
11:14:24,3.28,0.0,32,10496.0,买盘
11:14:27,3.27,-0.009999999999999787,23,7540.0,卖盘
11:14:30,3.28,0.009999999999999787,19,6232.0,买盘
11:14:34,3.28,0.0,15,4918.0,买盘
11:14:37,3.27,-0.009999999999999787,22,7194.0,卖盘
11:14:43,3.28,0.009999999999999787,10,3280.0,买盘
11:14:47,3.27,-0.009999999999999787,1165,380955.0,卖盘
11:14:50,3.28,0.009999999999999787,70,22960.0,买盘
11:14:53,3.27,-0.009999999999999787,68,22276.0,卖盘
11:14:56,3.27,0.0,6,1965.0,卖盘
11:14:59,3.27,0.0,4,1308.0,卖盘
11:15:02,3.27,0.0,12,3924.0,卖盘
11:15:06,3.27,0.0,51,16677.0,卖盘
11:15:09,3.27,0.0,130,42511.0,卖盘
11:15:15,3.27,0.0,13,4251.0,卖盘
11:15:21,3.27,0.0,27,8829.0,卖盘
11:15:34,3.27,0.0,2,654.0,卖盘
11:15:37,3.28,0.009999999999999787,25,8200.0,买盘
11:15:40,3.27,-0.009999999999999787,17,5573.0,卖盘
11:15:44,3.28,0.009999999999999787,183,60005.0,买盘
11:15:47,3.28,0.0,16,5248.0,买盘
11:15:50,3.27,-0.009999999999999787,21,6886.0,卖盘
11:15:53,3.28,0.009999999999999787,10,3280.0,买盘
11:15:56,3.28,0.0,99,32472.0,买盘
11:15:59,3.27,-0.009999999999999787,290,95117.0,卖盘
11:16:02,3.28,0.009999999999999787,36,11808.0,买盘
11:16:06,3.28,0.0,454,148912.0,买盘
11:16:09,3.27,-0.009999999999999787,40,13118.0,卖盘
11:16:12,3.28,0.009999999999999787,6,1968.0,买盘
11:16:15,3.28,0.0,1,328.0,买盘
11:16:18,3.27,-0.009999999999999787,8,2622.0,卖盘
11:16:21,3.28,0.009999999999999787,37,12119.0,买盘
11:16:24,3.27,-0.009999999999999787,403,131781.0,卖盘
11:16:27,3.27,0.0,68,22236.0,卖盘
11:16:30,3.28,0.009999999999999787,5,1640.0,买盘
11:16:33,3.27,-0.009999999999999787,2,654.0,卖盘
11:16:43,3.27,0.0,3,981.0,卖盘
11:16:50,3.28,0.009999999999999787,92,30176.0,买盘
11:16:53,3.27,-0.009999999999999787,2,654.0,卖盘
11:16:56,3.28,0.009999999999999787,73,23944.0,买盘
11:16:59,3.28,0.0,20,6560.0,买盘
11:17:02,3.27,-0.009999999999999787,2,654.0,卖盘
11:17:06,3.28,0.009999999999999787,69,22622.0,买盘
11:17:09,3.27,-0.009999999999999787,1,327.0,卖盘
11:17:12,3.27,0.0,11,3602.0,卖盘
11:17:15,3.28,0.009999999999999787,161,52768.0,买盘
11:17:18,3.28,0.0,6,1968.0,买盘
11:17:21,3.27,-0.009999999999999787,18,5902.0,卖盘
11:17:24,3.28,0.009999999999999787,3,984.0,买盘
11:17:27,3.27,-0.009999999999999787,5,1637.0,卖盘
11:17:30,3.28,0.009999999999999787,49,16067.0,买盘
11:17:34,3.28,0.0,301,98728.0,买盘
11:17:37,3.27,-0.009999999999999787,46,15086.0,卖盘
11:17:43,3.28,0.009999999999999787,5,1640.0,买盘
11:17:47,3.27,-0.009999999999999787,12,3934.0,卖盘
11:17:50,3.28,0.009999999999999787,8,2624.0,买盘
11:17:53,3.28,0.0,3,984.0,买盘
11:17:56,3.27,-0.009999999999999787,330,107910.0,卖盘
11:17:59,3.28,0.009999999999999787,8,2624.0,买盘
11:18:02,3.27,-0.009999999999999787,55,18039.0,卖盘
11:18:06,3.27,0.0,14,4590.0,卖盘
11:18:09,3.28,0.009999999999999787,40,13120.0,买盘
11:18:12,3.28,0.0,6,1968.0,买盘
11:18:15,3.27,-0.009999999999999787,42,13774.0,卖盘
11:18:18,3.28,0.009999999999999787,27,8856.0,买盘
11:18:21,3.27,-0.009999999999999787,8,2621.0,卖盘
11:18:24,3.28,0.009999999999999787,5,1640.0,买盘
11:18:34,3.27,-0.009999999999999787,10,3270.0,卖盘
11:18:37,3.28,0.009999999999999787,6,1968.0,买盘
11:18:40,3.27,-0.009999999999999787,3,981.0,卖盘
11:18:44,3.28,0.009999999999999787,10,3280.0,买盘
11:18:47,3.28,0.0,68,22274.0,买盘
11:18:50,3.27,-0.009999999999999787,59,19302.0,卖盘
11:18:53,3.28,0.009999999999999787,5,1640.0,买盘
11:18:59,3.27,-0.009999999999999787,2,654.0,卖盘
11:19:06,3.28,0.009999999999999787,100,32800.0,买盘
11:19:09,3.28,0.0,102,33401.0,买盘
11:19:15,3.28,0.0,4,1312.0,买盘
11:19:18,3.28,0.0,9,2948.0,买盘
11:19:21,3.28,0.0,81,26568.0,买盘
11:19:24,3.28,0.0,691,226648.0,买盘
11:19:27,3.29,0.010000000000000231,7,2303.0,买盘
11:19:30,3.28,-0.010000000000000231,10,3280.0,卖盘
11:19:34,3.28,0.0,7,2296.0,卖盘
11:19:37,3.28,0.0,5,1640.0,卖盘
11:19:44,3.28,0.0,12,3946.0,卖盘
11:19:47,3.28,0.0,69,22632.0,卖盘
11:19:50,3.28,0.0,10,3280.0,卖盘
11:19:53,3.28,0.0,3,984.0,卖盘
11:20:03,3.28,0.0,26,8529.0,卖盘
11:20:06,3.29,0.010000000000000231,259,85211.0,买盘
11:20:15,3.28,-0.010000000000000231,8,2624.0,卖盘
11:20:18,3.28,0.0,61,20015.0,卖盘
11:20:21,3.28,0.0,50,16401.0,卖盘
11:20:27,3.28,0.0,6,1971.0,卖盘
11:20:37,3.28,0.0,22,7224.0,卖盘
11:20:47,3.28,0.0,46,15108.0,卖盘
11:20:50,3.28,0.0,10,3280.0,卖盘
11:20:56,3.28,0.0,11,3608.0,卖盘
11:21:06,3.28,0.0,2,656.0,卖盘
11:21:09,3.28,0.0,10,3280.0,卖盘
11:21:12,3.29,0.010000000000000231,7,2303.0,买盘
11:21:18,3.28,-0.010000000000000231,4,1312.0,卖盘
11:21:21,3.28,0.0,13,4264.0,卖盘
11:21:28,3.28,0.0,15,4920.0,卖盘
11:21:31,3.28,0.0,69,22652.0,卖盘
11:21:34,3.28,0.0,9,2952.0,卖盘
11:21:38,3.28,0.0,2,656.0,卖盘
11:21:41,3.28,0.0,20,6560.0,卖盘
11:21:50,3.28,0.0,21,6896.0,卖盘
11:21:53,3.28,0.0,165,54120.0,卖盘
11:21:56,3.28,0.0,9,2952.0,卖盘
11:22:00,3.28,0.0,6,1968.0,卖盘
11:22:03,3.29,0.010000000000000231,61,20062.0,买盘
11:22:06,3.28,-0.010000000000000231,140,45920.0,卖盘
11:22:09,3.28,0.0,3,984.0,卖盘
11:22:12,3.28,0.0,124,40672.0,卖盘
11:22:15,3.28,0.0,3,984.0,卖盘
11:22:18,3.28,0.0,9,2952.0,卖盘
11:22:21,3.28,0.0,4,1312.0,卖盘
11:22:25,3.28,0.0,3,984.0,卖盘
11:22:28,3.29,0.010000000000000231,5,1645.0,买盘
11:22:31,3.28,-0.010000000000000231,3,984.0,卖盘
11:22:34,3.28,0.0,7,2296.0,卖盘
11:22:41,3.28,0.0,7,2298.0,卖盘
11:22:44,3.28,0.0,2,656.0,卖盘
11:22:50,3.28,0.0,5,1640.0,卖盘
11:22:53,3.28,0.0,3,984.0,卖盘
11:22:57,3.28,0.0,29,9522.0,卖盘
11:23:00,3.29,0.010000000000000231,8,2632.0,买盘
11:23:03,3.28,-0.010000000000000231,3,984.0,卖盘
11:23:06,3.28,0.0,7,2296.0,卖盘
11:23:09,3.28,0.0,7,2296.0,卖盘
11:23:12,3.29,0.010000000000000231,6,1974.0,买盘
11:23:15,3.29,0.0,5,1643.0,买盘
11:23:18,3.28,-0.010000000000000231,15,4920.0,卖盘
11:23:28,3.28,0.0,192,62976.0,卖盘
11:23:31,3.28,0.0,5,1640.0,卖盘
11:23:38,3.28,0.0,2,656.0,卖盘
11:23:44,3.28,0.0,75,24650.0,卖盘
11:23:47,3.28,0.0,3,984.0,卖盘
11:23:57,3.28,0.0,129,42312.0,卖盘
11:24:06,3.28,0.0,3,984.0,卖盘
11:24:09,3.29,0.010000000000000231,1,329.0,买盘
11:24:12,3.28,-0.010000000000000231,6,1968.0,卖盘
11:24:22,3.28,0.0,4,1312.0,卖盘
11:24:25,3.29,0.010000000000000231,3,987.0,买盘
11:24:32,3.28,-0.010000000000000231,57,18747.0,卖盘
11:24:35,3.29,0.010000000000000231,1,329.0,买盘
11:24:41,3.28,-0.010000000000000231,2,656.0,卖盘
11:24:47,3.28,0.0,3,984.0,卖盘
11:24:50,3.28,0.0,5,1642.0,卖盘
11:24:57,3.29,0.010000000000000231,12,3948.0,买盘
11:25:00,3.29,0.0,7,2303.0,买盘
11:25:03,3.28,-0.010000000000000231,3,984.0,卖盘
11:25:06,3.28,0.0,5,1640.0,卖盘
11:25:09,3.28,0.0,10,3280.0,卖盘
11:25:15,3.28,0.0,15,4920.0,卖盘
11:25:19,3.28,0.0,2,656.0,卖盘
11:25:25,3.28,0.0,3,984.0,卖盘
11:25:35,3.28,0.0,36,11808.0,卖盘
11:25:38,3.29,0.010000000000000231,9,2957.0,买盘
11:25:41,3.28,-0.010000000000000231,1,328.0,卖盘
11:25:44,3.28,0.0,3,984.0,卖盘
11:25:51,3.28,0.0,51,16728.0,卖盘
11:25:54,3.28,0.0,33,10824.0,卖盘
11:25:57,3.28,0.0,29,9512.0,卖盘
11:26:00,3.28,0.0,6,1968.0,卖盘
11:26:03,3.28,0.0,3,984.0,卖盘
11:26:06,3.28,0.0,2,656.0,卖盘
11:26:09,3.28,0.0,4,1312.0,卖盘
11:26:19,3.28,0.0,23,7544.0,卖盘
11:26:22,3.28,0.0,4,1312.0,卖盘
11:26:25,3.28,0.0,4,1312.0,卖盘
11:26:29,3.28,0.0,8,2624.0,卖盘
11:26:35,3.29,0.010000000000000231,18,5907.0,买盘
11:26:38,3.28,-0.010000000000000231,9,2952.0,卖盘
11:26:48,3.28,0.0,24,7888.0,卖盘
11:26:57,3.28,0.0,17,5582.0,卖盘
11:27:00,3.28,0.0,10,3280.0,卖盘
11:27:03,3.29,0.010000000000000231,1,329.0,买盘
11:27:06,3.28,-0.010000000000000231,13,4492.760000005364,卖盘
11:27:16,3.28,0.0,3,984.0,卖盘
11:27:19,3.28,0.0,185,60788.239999994636,卖盘
11:27:22,3.27,-0.009999999999999787,208,68221.0,卖盘
11:27:26,3.28,0.009999999999999787,25,8419.760000005364,买盘
11:27:29,3.28,0.0,53,17492.239999994636,卖盘
11:27:32,3.27,-0.009999999999999787,7,2293.0,卖盘
11:27:35,3.28,0.009999999999999787,7,2296.0,买盘
11:27:38,3.27,-0.009999999999999787,30,9810.0,卖盘
11:27:41,3.27,0.0,3,981.0,卖盘
11:27:44,3.27,0.0,1,327.0,卖盘
11:27:51,3.27,0.0,4,1309.0,卖盘
11:28:00,3.27,0.0,93,30491.0,卖盘
11:28:06,3.27,0.0,3,981.0,卖盘
11:28:16,3.27,0.0,62,20274.0,卖盘
11:28:23,3.28,0.009999999999999787,10,3280.0,买盘
11:28:26,3.27,-0.009999999999999787,33,10791.0,卖盘
11:28:29,3.27,0.0,49,16028.0,卖盘
11:28:35,3.27,0.0,44,14388.0,卖盘
11:28:38,3.28,0.009999999999999787,5,1640.0,买盘
11:28:41,3.28,0.0,42,13744.0,买盘
11:28:45,3.27,-0.009999999999999787,121,39643.0,卖盘
11:28:48,3.28,0.009999999999999787,109,35752.0,买盘
11:28:51,3.27,-0.009999999999999787,45,14715.0,卖盘
11:28:54,3.27,0.0,3,981.0,卖盘
11:28:57,3.27,0.0,6,1962.0,卖盘
11:29:00,3.27,0.0,3,981.0,卖盘
11:29:03,3.28,0.009999999999999787,4,1312.0,买盘
11:29:06,3.27,-0.009999999999999787,5,1635.0,卖盘
11:29:10,3.27,0.0,3,981.0,卖盘
11:29:16,3.28,0.009999999999999787,50,16400.0,买盘
11:29:20,3.27,-0.009999999999999787,20,6557.0,卖盘
11:29:23,3.28,0.009999999999999787,26,8528.0,买盘
11:29:26,3.28,0.0,8,2624.0,买盘
11:29:29,3.27,-0.009999999999999787,7,2294.0,卖盘
11:29:32,3.27,0.0,6,1963.0,卖盘
11:29:38,3.27,0.0,3,981.0,卖盘
11:29:48,3.27,0.0,29,9510.0,卖盘
11:29:51,3.27,0.0,3,981.0,卖盘
11:29:54,3.28,0.009999999999999787,107,35091.0,买盘
11:29:57,3.27,-0.009999999999999787,10,3270.0,卖盘
13:00:02,3.27,0.0,1713,560151.0,卖盘
13:00:05,3.27,0.0,1071,350415.0,买盘
13:00:08,3.28,0.009999999999999787,203,66437.0,买盘
13:00:15,3.27,-0.009999999999999787,5,1635.0,卖盘
13:00:18,3.27,0.0,25,8177.0,卖盘
13:00:24,3.28,0.009999999999999787,13,4264.0,买盘
13:00:27,3.28,0.0,3,984.0,买盘
13:00:30,3.28,0.0,3,984.0,买盘
13:00:33,3.27,-0.009999999999999787,30,9811.0,卖盘
13:00:37,3.28,0.009999999999999787,25,8200.0,买盘
13:00:53,3.28,0.0,7,2296.0,买盘
13:01:05,3.28,0.0,37,12136.0,买盘
13:01:09,3.28,0.0,67,21976.0,买盘
13:01:12,3.28,0.0,6,1968.0,买盘
13:01:15,3.28,0.0,39,12775.0,买盘
13:01:18,3.28,0.0,5,1640.0,买盘
13:01:21,3.28,0.0,598,196143.0,买盘
13:01:24,3.28,0.0,180,59062.0,买盘
13:01:27,3.28,0.0,492,161377.0,卖盘
13:01:30,3.28,0.0,15,4920.0,卖盘
13:01:34,3.28,0.0,150,49200.0,卖盘
13:01:40,3.28,0.0,130,42640.0,卖盘
13:01:46,3.28,0.0,281,92168.0,卖盘
13:01:53,3.29,0.010000000000000231,220,72380.0,买盘
13:01:56,3.28,-0.010000000000000231,320,104960.0,卖盘
13:01:59,3.29,0.010000000000000231,30,9870.0,买盘
13:02:02,3.29,0.0,16,5264.0,买盘
13:02:12,3.28,-0.010000000000000231,5,1640.0,卖盘
13:02:15,3.28,0.0,3,984.0,卖盘
13:02:18,3.29,0.010000000000000231,169,55596.0,买盘
13:02:21,3.28,-0.010000000000000231,23,7556.0,卖盘
13:02:24,3.29,0.010000000000000231,96,31584.0,买盘
13:02:30,3.28,-0.010000000000000231,22,7229.0,卖盘
13:02:34,3.28,0.0,9,2952.0,卖盘
13:02:37,3.29,0.010000000000000231,66,21714.0,买盘
13:02:44,3.28,-0.010000000000000231,6,1969.0,卖盘
13:02:50,3.28,0.0,10,3280.0,卖盘
13:02:53,3.29,0.010000000000000231,222,73038.0,买盘
13:02:56,3.29,0.0,63,20665.0,买盘
13:02:59,3.29,0.0,6,1974.0,买盘
13:03:06,3.29,0.0,8,2631.0,买盘
13:03:09,3.28,-0.010000000000000231,50,16406.0,卖盘
13:03:12,3.29,0.010000000000000231,6,1974.0,买盘
13:03:15,3.29,0.0,5,1645.0,买盘
13:03:18,3.28,-0.010000000000000231,8,2624.0,卖盘
13:03:27,3.29,0.010000000000000231,30,9870.0,买盘
13:03:34,3.28,-0.010000000000000231,5,1640.0,卖盘
13:03:40,3.29,0.010000000000000231,3,987.0,买盘
13:03:44,3.29,0.0,2,658.0,买盘
13:03:53,3.28,-0.010000000000000231,8,2624.0,卖盘
13:04:00,3.28,0.0,76,24928.0,卖盘
13:04:03,3.29,0.010000000000000231,11,3609.0,买盘
13:04:06,3.28,-0.010000000000000231,13,4264.0,卖盘
13:04:09,3.28,0.0,120,39360.0,卖盘
13:04:12,3.28,0.0,2,657.0,卖盘
13:04:15,3.28,0.0,13,4264.0,卖盘
13:04:18,3.28,0.0,1,328.0,卖盘
13:04:21,3.29,0.010000000000000231,1,329.0,买盘
13:04:24,3.28,-0.010000000000000231,14,4592.0,卖盘
13:04:28,3.29,0.010000000000000231,2,658.0,买盘
13:04:31,3.28,-0.010000000000000231,200,65600.0,卖盘
13:04:34,3.28,0.0,9,2952.0,卖盘
13:04:47,3.28,0.0,1,328.0,卖盘
13:04:57,3.29,0.010000000000000231,6,1974.0,买盘
13:05:00,3.28,-0.010000000000000231,36,11816.0,卖盘
13:05:03,3.28,0.0,1,328.0,卖盘
13:05:06,3.28,0.0,39,12792.0,卖盘
13:05:12,3.28,0.0,5,1640.0,卖盘
13:05:15,3.28,0.0,20,6560.0,卖盘
13:05:18,3.28,0.0,105,34440.0,卖盘
13:05:21,3.28,0.0,3,984.0,卖盘
13:05:25,3.28,0.0,63,20664.0,卖盘
13:05:28,3.28,0.0,1,328.0,卖盘
13:05:31,3.29,0.010000000000000231,28,9193.0,买盘
13:05:38,3.28,-0.010000000000000231,3,984.0,卖盘
13:05:41,3.29,0.010000000000000231,12,3948.0,买盘
13:05:44,3.28,-0.010000000000000231,115,37720.0,卖盘
13:05:47,3.28,0.0,35,11480.0,卖盘
13:05:50,3.28,0.0,8,2624.0,卖盘
13:05:54,3.28,0.0,160,52480.0,卖盘
13:05:57,3.28,0.0,912,299088.0,卖盘
13:06:00,3.28,0.0,5,1640.0,买盘
13:06:03,3.28,0.0,113,37064.0,买盘
13:06:06,3.28,0.0,42,13776.0,买盘
13:06:09,3.28,0.0,383,125624.0,卖盘
13:06:12,3.28,0.0,20,6560.0,买盘
13:06:15,3.28,0.0,9,2952.0,买盘
13:06:19,3.28,0.0,55,18040.0,买盘
13:06:22,3.28,0.0,2,656.0,买盘
13:06:25,3.28,0.0,16,5248.0,买盘
13:06:35,3.28,0.0,131,42940.0,买盘
13:06:38,3.28,0.0,35,11480.0,买盘
13:06:41,3.27,-0.009999999999999787,798,260946.0,卖盘
13:06:44,3.28,0.009999999999999787,18,5887.0,买盘
13:06:51,3.27,-0.009999999999999787,259,84693.0,卖盘
13:07:00,3.27,0.0,50,16350.0,卖盘
13:07:16,3.27,0.0,151,49377.0,卖盘
13:07:19,3.27,0.0,3,981.0,卖盘
13:07:22,3.27,0.0,5,1635.0,卖盘
13:07:29,3.28,0.009999999999999787,3,984.0,买盘
13:07:35,3.28,0.0,20,6560.0,买盘
13:07:38,3.27,-0.009999999999999787,1,327.0,卖盘
13:07:45,3.28,0.009999999999999787,10,3280.0,买盘
13:07:48,3.27,-0.009999999999999787,114,37278.0,卖盘
13:07:51,3.27,0.0,5,1635.0,卖盘
13:07:57,3.27,0.0,90,29430.0,卖盘
13:08:00,3.27,0.0,14,4578.0,卖盘
13:08:03,3.27,0.0,21,6867.0,卖盘
13:08:10,3.28,0.009999999999999787,3,984.0,买盘
13:08:23,3.28,0.0,131,42863.0,买盘
13:08:26,3.28,0.0,31,10168.0,买盘
13:08:29,3.28,0.0,3,984.0,买盘
13:08:32,3.28,0.0,11,3606.0,买盘
13:08:36,3.28,0.0,30,9840.0,买盘
13:08:39,3.28,0.0,6,1968.0,买盘
13:08:42,3.27,-0.009999999999999787,3,981.0,卖盘
13:08:48,3.28,0.009999999999999787,1,328.0,买盘
13:08:51,3.28,0.0,11,3608.0,买盘
13:08:54,3.28,0.0,21,6888.0,买盘
13:08:57,3.27,-0.009999999999999787,2,654.0,卖盘
13:09:00,3.27,0.0,8,2616.0,卖盘
13:09:10,3.28,0.009999999999999787,1,328.0,买盘
13:09:14,3.27,-0.009999999999999787,10,3270.0,卖盘
13:09:17,3.27,0.0,30,9810.0,卖盘
13:09:20,3.27,0.0,58,18976.0,卖盘
13:09:26,3.28,0.009999999999999787,34,11142.0,买盘
13:09:33,3.27,-0.009999999999999787,53,17331.0,卖盘
13:09:36,3.27,0.0,1,327.0,卖盘
13:09:39,3.28,0.009999999999999787,9,2952.0,买盘
13:09:42,3.28,0.0,6,1968.0,买盘
13:09:45,3.27,-0.009999999999999787,10,3270.0,卖盘
13:09:51,3.28,0.009999999999999787,3,984.0,买盘
13:09:54,3.27,-0.009999999999999787,505,165139.0,卖盘
13:10:01,3.27,0.0,26,8522.0,卖盘
13:10:04,3.27,0.0,2,654.0,卖盘
13:10:08,3.27,0.0,6,1962.0,卖盘
13:10:11,3.27,0.0,347,113469.0,卖盘
13:10:14,3.27,0.0,11,3598.0,卖盘
13:10:20,3.27,0.0,300,98100.0,卖盘
13:10:24,3.28,0.009999999999999787,35,11478.0,买盘
13:10:27,3.28,0.0,42,13756.0,买盘
13:10:30,3.28,0.0,117,38262.0,买盘
13:10:36,3.27,-0.009999999999999787,54,17662.0,卖盘
13:10:39,3.27,0.0,257,84047.0,卖盘
13:10:45,3.27,0.0,91,29757.0,卖盘
13:10:48,3.28,0.009999999999999787,50,16400.0,买盘
13:10:55,3.28,0.0,1,328.0,买盘
13:11:05,3.28,0.0,126,41327.0,买盘
13:11:08,3.28,0.0,735,241075.0,买盘
13:11:11,3.28,0.0,510,167271.0,买盘
13:11:14,3.28,0.0,708,232224.0,买盘
13:11:17,3.29,0.010000000000000231,304,99757.0,买盘
13:11:21,3.29,0.0,2,658.0,买盘
13:11:24,3.29,0.0,6,1974.0,买盘
13:11:30,3.29,0.0,5,1645.0,买盘
13:11:33,3.29,0.0,7,2297.0,买盘
13:11:36,3.29,0.0,243,79947.0,买盘
13:11:39,3.29,0.0,4,1316.0,买盘
13:11:42,3.29,0.0,7,2303.0,买盘
13:11:45,3.29,0.0,13,4277.0,买盘
13:11:49,3.29,0.0,106,34874.0,买盘
13:11:52,3.29,0.0,54,17766.0,买盘
13:11:56,3.29,0.0,1,329.0,买盘
13:11:59,3.28,-0.010000000000000231,12,3943.0,卖盘
13:12:02,3.28,0.0,8,2625.0,卖盘
13:12:05,3.29,0.010000000000000231,1,329.0,买盘
13:12:08,3.29,0.0,14,4596.0,买盘
13:12:11,3.29,0.0,15,4935.0,买盘
13:12:15,3.29,0.0,2,658.0,买盘
13:12:18,3.28,-0.010000000000000231,186,61143.0,卖盘
13:12:21,3.28,0.0,57,18747.0,卖盘
13:12:27,3.29,0.010000000000000231,149,48873.0,买盘
13:12:30,3.28,-0.010000000000000231,10,3280.0,卖盘
13:12:33,3.29,0.010000000000000231,68,22372.0,买盘
13:12:36,3.28,-0.010000000000000231,28,9184.0,卖盘
13:12:40,3.28,0.0,1,328.0,卖盘
13:12:46,3.28,0.0,1,328.0,卖盘
13:12:53,3.29,0.010000000000000231,4,1316.0,买盘
13:13:02,3.28,-0.010000000000000231,13,4264.0,卖盘
13:13:05,3.29,0.010000000000000231,225,74025.0,买盘
13:13:09,3.28,-0.010000000000000231,69,22632.0,卖盘
13:13:21,3.28,0.0,8,2624.0,卖盘
13:13:24,3.29,0.010000000000000231,155,50995.0,买盘
13:13:50,3.29,0.0,40,13160.0,买盘
13:13:59,3.28,-0.010000000000000231,34,11152.0,卖盘
13:14:09,3.28,0.0,1,328.0,卖盘
13:14:12,3.28,0.0,494,162285.0,卖盘
13:14:18,3.28,0.0,61,20038.0,卖盘
13:14:21,3.28,0.0,28,9184.0,卖盘
13:14:24,3.28,0.0,49,16115.0,卖盘
13:14:27,3.28,0.0,32,10496.0,卖盘
13:14:31,3.28,0.0,330,108240.0,卖盘
13:14:34,3.28,0.0,30,9862.0,卖盘
13:14:41,3.28,0.0,36,11808.0,卖盘
13:14:44,3.28,0.0,2,656.0,卖盘
13:14:46,3.28,0.0,84,27552.0,卖盘
13:14:50,3.28,0.0,24,7872.0,卖盘
13:14:56,3.28,0.0,10,3280.0,卖盘
13:15:03,3.28,0.0,800,262400.0,卖盘
13:15:06,3.28,0.0,393,128904.0,卖盘
13:15:09,3.28,0.0,58,19024.0,中性盘
13:15:12,3.28,0.0,91,29848.0,卖盘
13:15:15,3.29,0.010000000000000231,1,329.0,买盘
13:15:18,3.28,-0.010000000000000231,74,24272.0,卖盘
13:15:21,3.28,0.0,35,11480.0,买盘
13:15:25,3.28,0.0,62,20336.0,买盘
13:15:27,3.28,0.0,25,8200.0,买盘
13:15:30,3.28,0.0,4,1312.0,买盘
13:15:35,3.28,0.0,15,4920.0,买盘
13:15:38,3.28,0.0,43,14104.0,买盘
13:15:41,3.28,0.0,20,6560.0,买盘
13:15:44,3.27,-0.009999999999999787,38,12442.0,卖盘
13:15:47,3.28,0.009999999999999787,175,57400.0,买盘
13:15:50,3.28,0.0,74,24272.0,买盘
13:15:53,3.28,0.0,3,984.0,买盘
13:15:57,3.28,0.0,4,1312.0,买盘
13:16:03,3.27,-0.009999999999999787,4,1308.0,卖盘
13:16:06,3.27,0.0,32,10486.0,卖盘
13:16:09,3.28,0.009999999999999787,1,328.0,买盘
13:16:12,3.28,0.0,51,16678.0,买盘
13:16:15,3.28,0.0,5,1640.0,买盘
13:16:18,3.28,0.0,1,328.0,买盘
13:16:28,3.27,-0.009999999999999787,7,2289.0,卖盘
13:16:31,3.27,0.0,6,1962.0,卖盘
13:16:35,3.27,0.0,8,2616.0,卖盘
13:16:38,3.28,0.009999999999999787,6,1967.0,买盘
13:16:44,3.27,-0.009999999999999787,50,16350.0,卖盘
13:16:54,3.27,0.0,15,4905.0,卖盘
13:17:03,3.28,0.009999999999999787,23,7543.0,买盘
13:17:09,3.27,-0.009999999999999787,177,57879.0,卖盘
13:17:12,3.27,0.0,17,5559.0,卖盘
13:17:15,3.27,0.0,23,7521.0,卖盘
13:17:18,3.27,0.0,70,22890.0,卖盘
13:17:21,3.27,0.0,110,35970.0,卖盘
13:17:25,3.27,0.0,1,327.0,卖盘
13:17:27,3.28,0.009999999999999787,11,3608.0,买盘
13:17:31,3.27,-0.009999999999999787,409,133743.0,卖盘
13:17:35,3.27,0.0,10,3270.0,卖盘
13:17:38,3.27,0.0,112,36654.0,卖盘
13:17:41,3.28,0.009999999999999787,50,16400.0,买盘
13:17:44,3.28,0.0,10,3280.0,买盘
13:17:48,3.28,0.0,66,21648.0,买盘
13:17:51,3.27,-0.009999999999999787,1,327.0,卖盘
13:17:57,3.27,0.0,41,13407.0,卖盘
13:18:00,3.28,0.009999999999999787,88,28864.0,买盘
13:18:03,3.27,-0.009999999999999787,176,57552.0,卖盘
13:18:06,3.28,0.009999999999999787,482,157634.0,买盘
13:18:13,3.27,-0.009999999999999787,20,6540.0,卖盘
13:18:15,3.27,0.0,17,5559.0,卖盘
13:18:23,3.27,0.0,100,32700.0,卖盘
13:18:29,3.27,0.0,1,327.0,卖盘
13:18:32,3.27,0.0,10,3270.0,卖盘
13:18:38,3.27,0.0,10,3270.0,卖盘
13:18:45,3.27,0.0,5,1635.0,卖盘
13:18:48,3.28,0.009999999999999787,10,3280.0,买盘
13:18:51,3.27,-0.009999999999999787,98,32046.0,卖盘
13:18:54,3.27,0.0,50,16350.0,卖盘
13:19:00,3.27,0.0,264,86328.0,卖盘
13:19:03,3.28,0.009999999999999787,26,8528.0,买盘
13:19:06,3.27,-0.009999999999999787,30,9820.0,卖盘
13:19:15,3.27,0.0,74,24198.0,卖盘
13:19:19,3.27,0.0,3,981.0,卖盘
13:19:23,3.27,0.0,70,22890.0,卖盘
13:19:36,3.27,0.0,18,5886.0,卖盘
13:19:42,3.27,0.0,1636,534972.0,卖盘
13:19:45,3.27,0.0,6,1962.0,中性盘
13:19:48,3.27,0.0,148,48396.0,买盘
13:19:51,3.27,0.0,95,31060.0,买盘
13:19:54,3.26,-0.010000000000000231,69,22508.0,卖盘
13:19:57,3.26,0.0,10,3260.0,卖盘
13:20:00,3.26,0.0,1134,369684.0,卖盘
13:20:03,3.27,0.010000000000000231,5,1635.0,买盘
13:20:06,3.26,-0.010000000000000231,60,19560.0,卖盘
13:20:10,3.27,0.010000000000000231,8,2611.0,买盘
13:20:13,3.27,0.0,1,327.0,买盘
13:20:19,3.26,-0.010000000000000231,130,42380.0,卖盘
13:20:29,3.26,0.0,49,15974.0,卖盘
13:20:33,3.27,0.010000000000000231,142,46334.0,买盘
13:20:36,3.26,-0.010000000000000231,7,2282.0,卖盘
13:20:39,3.26,0.0,187,60962.0,卖盘
13:20:42,3.26,0.0,4545,1481670.0,卖盘
13:20:45,3.26,0.0,24,7824.0,买盘
13:20:48,3.26,0.0,145,47270.0,买盘
13:20:51,3.26,0.0,253,82428.0,买盘
13:20:54,3.26,0.0,386,125589.0,买盘
13:20:57,3.26,0.0,39,12707.0,买盘
13:21:00,3.26,0.0,204,66369.0,买盘
13:21:04,3.26,0.0,133,43356.0,买盘
13:21:06,3.26,0.0,75,24450.0,买盘
13:21:10,3.26,0.0,21,6846.0,买盘
13:21:14,3.26,0.0,13,4238.0,买盘
13:21:16,3.26,0.0,3,978.0,买盘
13:21:20,3.25,-0.009999999999999787,20,6507.0,卖盘
13:21:22,3.26,0.009999999999999787,171,55591.0,买盘
13:21:26,3.26,0.0,222,72302.0,买盘
13:21:29,3.25,-0.009999999999999787,641,208325.0,卖盘
13:21:33,3.26,0.009999999999999787,108,35208.0,买盘
13:21:36,3.25,-0.009999999999999787,5,1625.0,卖盘
13:21:39,3.26,0.009999999999999787,169,55013.0,买盘
13:21:42,3.26,0.0,11,3576.0,买盘
13:21:45,3.25,-0.009999999999999787,30,9750.0,卖盘
13:21:48,3.26,0.009999999999999787,44,14334.0,买盘
13:21:51,3.26,0.0,34,11084.0,买盘
13:21:54,3.25,-0.009999999999999787,113,36726.0,卖盘
13:21:57,3.26,0.009999999999999787,10,3260.0,买盘
13:22:00,3.25,-0.009999999999999787,2,650.0,卖盘
13:22:04,3.25,0.0,19,6175.0,卖盘
13:22:08,3.25,0.0,8,2605.0,卖盘
13:22:11,3.26,0.009999999999999787,19,6194.0,买盘
13:22:14,3.25,-0.009999999999999787,295,96166.0,卖盘
13:22:17,3.26,0.009999999999999787,145,47270.0,买盘
13:22:20,3.26,0.0,141,45966.0,买盘
13:22:23,3.26,0.0,73,23798.0,买盘
13:22:27,3.25,-0.009999999999999787,238,77454.0,卖盘
13:22:30,3.25,0.0,32,10430.0,卖盘
13:22:33,3.26,0.009999999999999787,50,16300.0,买盘
13:22:36,3.25,-0.009999999999999787,143,46475.0,卖盘
13:22:39,3.25,0.0,31,10085.0,卖盘
13:22:42,3.26,0.009999999999999787,20,6520.0,买盘
13:22:45,3.25,-0.009999999999999787,30,9750.0,卖盘
13:22:48,3.26,0.009999999999999787,100,32600.0,买盘
13:22:58,3.26,0.0,10,3260.0,买盘
13:23:00,3.25,-0.009999999999999787,8,2603.0,卖盘
13:23:05,3.25,0.0,480,156038.0,卖盘
13:23:08,3.26,0.009999999999999787,3180,1033592.0,买盘
13:23:11,3.25,-0.009999999999999787,49,15925.0,卖盘
13:23:14,3.25,0.0,9,2925.0,卖盘
13:23:17,3.25,0.0,1,325.0,卖盘
13:23:20,3.25,0.0,261,84825.0,卖盘
13:23:24,3.25,0.0,97,31537.0,卖盘
13:23:27,3.25,0.0,86,27950.0,卖盘
13:23:30,3.25,0.0,55,17875.0,卖盘
13:23:33,3.25,0.0,1,325.0,卖盘
13:23:36,3.25,0.0,100,32500.0,卖盘
13:23:39,3.25,0.0,27,8775.0,卖盘
13:23:42,3.25,0.0,144,46800.0,卖盘
13:23:48,3.25,0.0,104,33800.0,卖盘
13:23:51,3.25,0.0,48,15605.0,卖盘
13:23:54,3.25,0.0,63,20475.0,卖盘
13:23:58,3.25,0.0,100,32500.0,卖盘
13:24:01,3.25,0.0,7,2275.0,卖盘
13:24:05,3.25,0.0,12,3900.0,卖盘
13:24:07,3.26,0.009999999999999787,190,61940.0,买盘
13:24:11,3.25,-0.009999999999999787,39,12676.0,卖盘
13:24:18,3.25,0.0,129,41925.0,卖盘
13:24:21,3.26,0.009999999999999787,1,326.0,买盘
13:24:24,3.25,-0.009999999999999787,14,4550.0,卖盘
13:24:30,3.25,0.0,101,32825.0,卖盘
13:24:33,3.25,0.0,1,325.0,卖盘
13:24:36,3.25,0.0,31,10075.0,卖盘
13:24:39,3.25,0.0,103,33485.0,卖盘
13:24:42,3.25,0.0,125,40625.0,卖盘
13:24:45,3.25,0.0,140,45500.0,卖盘
13:24:48,3.25,0.0,10,3250.0,卖盘
13:24:51,3.25,0.0,20,6500.0,卖盘
13:24:55,3.25,0.0,20,6500.0,卖盘
13:24:59,3.25,0.0,130,42250.0,卖盘
13:25:01,3.25,0.0,2,650.0,卖盘
13:25:08,3.25,0.0,60,19500.0,卖盘
13:25:15,3.25,0.0,475,154375.0,卖盘
13:25:18,3.25,0.0,15,4875.0,卖盘
13:25:21,3.25,0.0,69,22429.0,卖盘
13:25:24,3.25,0.0,121,39325.0,卖盘
13:25:27,3.25,0.0,38,12350.0,卖盘
13:25:30,3.25,0.0,172,55902.0,卖盘
13:25:33,3.25,0.0,61,19855.0,卖盘
13:25:36,3.26,0.009999999999999787,1,326.0,买盘
13:25:39,3.25,-0.009999999999999787,30,9750.0,卖盘
13:25:42,3.25,0.0,3,975.0,卖盘
13:25:45,3.25,0.0,20,6505.0,卖盘
13:25:49,3.25,0.0,60,19506.0,卖盘
13:25:52,3.25,0.0,2,650.0,卖盘
13:26:01,3.25,0.0,28,9115.0,卖盘
13:26:05,3.25,0.0,3,975.0,卖盘
13:26:08,3.25,0.0,40,13000.0,卖盘
13:26:12,3.26,0.009999999999999787,41,13330.0,买盘
13:26:18,3.25,-0.009999999999999787,10,3250.0,卖盘
13:26:24,3.25,0.0,10,3250.0,卖盘
13:26:30,3.25,0.0,50,16250.0,卖盘
13:26:39,3.26,0.009999999999999787,208,67794.0,买盘
13:26:42,3.25,-0.009999999999999787,3,975.0,卖盘
13:26:46,3.25,0.0,155,50484.0,卖盘
13:26:50,3.25,0.0,4,1300.0,卖盘
13:26:52,3.26,0.009999999999999787,2,652.0,买盘
13:26:56,3.25,-0.009999999999999787,600,195000.0,卖盘
13:27:02,3.26,0.009999999999999787,9,2934.0,买盘
13:27:05,3.25,-0.009999999999999787,50,16282.0,卖盘
13:27:09,3.25,0.0,30,9750.0,卖盘
13:27:12,3.26,0.009999999999999787,12,3912.0,买盘
13:27:21,3.26,0.0,1,326.0,买盘
13:27:27,3.26,0.0,38,12388.0,买盘
13:27:30,3.25,-0.009999999999999787,118,38367.0,卖盘
13:27:33,3.26,0.009999999999999787,31,10100.0,买盘
13:27:36,3.26,0.0,15,4890.0,买盘
13:27:39,3.25,-0.009999999999999787,6,1950.0,卖盘
13:27:43,3.25,0.0,38,12350.0,卖盘
13:27:46,3.26,0.009999999999999787,127,41402.0,买盘
13:27:53,3.25,-0.009999999999999787,40,13000.0,卖盘
13:27:59,3.25,0.0,40,13000.0,卖盘
13:28:02,3.26,0.009999999999999787,18,5868.0,买盘
13:28:05,3.26,0.0,5,1627.0,买盘
13:28:09,3.25,-0.009999999999999787,30,9750.0,卖盘
13:28:15,3.25,0.0,110,35760.0,卖盘
13:28:18,3.26,0.009999999999999787,3,978.0,买盘
13:28:21,3.25,-0.009999999999999787,111,36075.0,卖盘
13:28:27,3.26,0.009999999999999787,370,120470.0,买盘
13:28:30,3.26,0.0,50,16300.0,买盘
13:28:33,3.26,0.0,136,44306.0,买盘
13:28:37,3.25,-0.009999999999999787,1,325.0,卖盘
13:28:46,3.25,0.0,15,4878.0,卖盘
13:28:50,3.25,0.0,69,22425.0,卖盘
13:28:53,3.26,0.009999999999999787,1,326.0,买盘
13:28:56,3.26,0.0,40,13040.0,买盘
13:29:09,3.26,0.0,35,11390.0,买盘
13:29:12,3.25,-0.009999999999999787,15,4875.0,卖盘
13:29:18,3.26,0.009999999999999787,3,978.0,买盘
13:29:21,3.26,0.0,38,12388.0,买盘
13:29:27,3.25,-0.009999999999999787,39,12684.0,卖盘
13:29:33,3.26,0.009999999999999787,1,326.0,买盘
13:29:37,3.26,0.0,7,2282.0,买盘
13:29:40,3.26,0.0,56,18256.0,买盘
13:29:44,3.26,0.0,604,196904.0,买盘
13:29:46,3.26,0.0,784,255584.0,买盘
13:29:50,3.26,0.0,72,23472.0,买盘
13:29:53,3.26,0.0,38,12388.0,买盘
13:29:56,3.26,0.0,29,9454.0,买盘
13:29:59,3.26,0.0,2,652.0,买盘
13:30:03,3.26,0.0,530,172844.19999998808,买盘
13:30:06,3.26,0.0,144,46944.0,卖盘
13:30:09,3.26,0.0,35,11410.0,卖盘
13:30:15,3.26,0.0,104,33904.0,卖盘
13:30:18,3.26,0.0,29,9463.0,卖盘
13:30:21,3.26,0.0,5,1630.0,卖盘
13:30:24,3.27,0.010000000000000231,26,8502.0,买盘
13:30:30,3.27,0.0,46,15042.0,买盘
13:30:33,3.26,-0.010000000000000231,20,6520.0,卖盘
13:30:37,3.27,0.010000000000000231,12,3924.0,买盘
13:30:44,3.27,0.0,4,1308.0,买盘
13:30:47,3.27,0.0,1,327.0,买盘
13:30:50,3.27,0.0,3,981.0,买盘
13:30:53,3.27,0.0,1,327.0,买盘
13:30:56,3.27,0.0,10,3270.0,买盘
13:31:00,3.26,-0.010000000000000231,59,19234.0,卖盘
13:31:03,3.27,0.010000000000000231,1,327.0,买盘
13:31:09,3.27,0.0,350,114450.0,买盘
13:31:12,3.26,-0.010000000000000231,120,39123.0,卖盘
13:31:15,3.26,0.0,184,60008.0,卖盘
13:31:18,3.27,0.010000000000000231,100,32700.0,买盘
13:31:21,3.27,0.0,38,12426.0,买盘
13:31:24,3.27,0.0,9,2943.0,买盘
13:31:27,3.27,0.0,1,327.0,买盘
13:31:31,3.26,-0.010000000000000231,28,9155.0,卖盘
13:31:38,3.26,0.0,1,326.0,卖盘
13:31:44,3.26,0.0,5,1630.0,卖盘
13:31:47,3.26,0.0,60,19590.0,卖盘
13:31:50,3.26,0.0,1,326.0,卖盘
13:31:53,3.26,0.0,13,4238.0,卖盘
13:31:57,3.26,0.0,66,21516.0,卖盘
13:32:00,3.26,0.0,8,2608.0,卖盘
13:32:06,3.26,0.0,1,326.0,卖盘
13:32:12,3.26,0.0,100,32600.0,卖盘
13:32:15,3.26,0.0,8,2615.0,卖盘
13:32:28,3.26,0.0,2,652.0,卖盘
13:32:31,3.27,0.010000000000000231,25,8172.0,买盘
13:32:34,3.27,0.0,8,2616.0,买盘
13:32:50,3.27,0.0,1,327.0,买盘
13:32:57,3.26,-0.010000000000000231,300,97800.0,卖盘
13:33:00,3.26,0.0,8,2613.0,卖盘
13:33:03,3.26,0.0,23,7510.0,卖盘
13:33:06,3.27,0.010000000000000231,8,2616.0,买盘
13:33:09,3.26,-0.010000000000000231,40,13040.0,卖盘
13:33:15,3.27,0.010000000000000231,4,1308.0,买盘
13:33:19,3.27,0.0,1,327.0,买盘
13:33:22,3.27,0.0,2,654.0,买盘
13:33:25,3.26,-0.010000000000000231,5,1630.0,卖盘
13:33:31,3.27,0.010000000000000231,26,8501.0,买盘
13:33:41,3.26,-0.010000000000000231,5,1630.0,卖盘
13:33:44,3.27,0.010000000000000231,11,3597.0,买盘
13:33:47,3.27,0.0,2,654.0,买盘
13:33:51,3.27,0.0,21,6867.0,买盘
13:33:54,3.27,0.0,69,22499.0,买盘
13:33:57,3.27,0.0,1,327.0,买盘
13:34:00,3.26,-0.010000000000000231,6,1956.0,卖盘
13:34:03,3.27,0.010000000000000231,84,27468.0,买盘
13:34:06,3.27,0.0,1,327.0,买盘
13:34:15,3.26,-0.010000000000000231,210,68560.0,卖盘
13:34:18,3.27,0.010000000000000231,1,327.0,买盘
13:34:22,3.27,0.0,1,327.0,买盘
13:34:29,3.26,-0.010000000000000231,39,12745.0,卖盘
13:34:35,3.27,0.010000000000000231,7,2289.0,买盘
13:34:38,3.27,0.0,27,8829.0,买盘
13:34:44,3.27,0.0,4,1307.0,买盘
13:34:47,3.27,0.0,15,4891.0,买盘
13:34:51,3.27,0.0,50,16350.0,买盘
13:34:54,3.27,0.0,161,52646.0,买盘
13:34:57,3.26,-0.010000000000000231,27,8819.0,卖盘
13:35:19,3.26,0.0,2,652.0,卖盘
13:35:22,3.26,0.0,5,1630.0,卖盘
13:35:26,3.26,0.0,5,1630.0,卖盘
13:35:29,3.26,0.0,45,14700.0,卖盘
13:35:35,3.26,0.0,33,10758.0,卖盘
13:35:41,3.26,0.0,100,32600.0,卖盘
13:35:45,3.27,0.010000000000000231,1,327.0,买盘
13:35:48,3.27,0.0,200,65400.0,买盘
13:35:54,3.27,0.0,16,5232.0,买盘
13:35:57,3.26,-0.010000000000000231,9,2935.0,卖盘
13:36:00,3.27,0.010000000000000231,3,981.0,买盘
13:36:03,3.27,0.0,16,5232.0,买盘
13:36:06,3.27,0.0,26,8484.0,买盘
13:36:09,3.26,-0.010000000000000231,171,55746.0,卖盘
13:36:13,3.26,0.0,1,326.0,卖盘
13:36:20,3.27,0.010000000000000231,8,2616.0,买盘
13:36:23,3.27,0.0,6,1961.0,买盘
13:36:32,3.26,-0.010000000000000231,12,3914.0,卖盘
13:36:35,3.27,0.010000000000000231,23,7521.0,买盘
13:36:42,3.27,0.0,10,3270.0,买盘
13:36:45,3.26,-0.010000000000000231,401,130826.0,卖盘
13:36:48,3.26,0.0,1,326.0,卖盘
13:36:51,3.26,0.0,9,2934.0,卖盘
13:36:54,3.26,0.0,2,652.0,卖盘
13:37:00,3.26,0.0,3,978.0,卖盘
13:37:07,3.27,0.010000000000000231,10,3270.0,买盘
13:37:10,3.27,0.0,2,654.0,买盘
13:37:17,3.27,0.0,53,17331.0,买盘
13:37:19,3.26,-0.010000000000000231,1099,358274.0,卖盘
13:37:23,3.27,0.010000000000000231,6,1962.0,买盘
13:37:33,3.26,-0.010000000000000231,1,326.0,卖盘
13:37:42,3.27,0.010000000000000231,20,6540.0,买盘
13:37:51,3.26,-0.010000000000000231,5,1630.0,卖盘
13:37:54,3.26,0.0,12,3912.0,卖盘
13:37:58,3.27,0.010000000000000231,1,327.0,买盘
13:38:01,3.26,-0.010000000000000231,2,653.0,卖盘
13:38:04,3.27,0.010000000000000231,30,9810.0,买盘
13:38:20,3.26,-0.010000000000000231,120,39120.0,卖盘
13:38:23,3.27,0.010000000000000231,9,2943.0,买盘
13:38:26,3.26,-0.010000000000000231,20,6520.0,卖盘
13:38:33,3.26,0.0,15,4890.0,卖盘
13:38:36,3.27,0.010000000000000231,16,5231.0,买盘
13:38:45,3.27,0.0,1,327.0,买盘
13:38:48,3.27,0.0,15,4905.0,买盘
13:38:54,3.26,-0.010000000000000231,14,4564.0,卖盘
13:39:01,3.26,0.0,106,34556.0,卖盘
13:39:14,3.27,0.010000000000000231,13,4245.0,买盘
13:39:20,3.26,-0.010000000000000231,115,37490.0,卖盘
13:39:23,3.26,0.0,45,14670.0,卖盘
13:39:27,3.27,0.010000000000000231,1,327.0,买盘
13:39:30,3.27,0.0,26,8502.0,买盘
13:39:33,3.27,0.0,3,981.0,买盘
13:39:36,3.26,-0.010000000000000231,30,9791.0,卖盘
13:39:39,3.27,0.010000000000000231,68,22236.0,买盘
13:39:42,3.27,0.0,2,654.0,买盘
13:39:45,3.26,-0.010000000000000231,37,12064.0,卖盘
13:39:51,3.27,0.010000000000000231,26,8502.0,买盘
13:39:58,3.27,0.0,51,16677.0,买盘
13:40:01,3.27,0.0,5,1635.0,买盘
13:40:04,3.27,0.0,30,9810.0,买盘
13:40:08,3.27,0.0,30,9810.0,买盘
13:40:11,3.26,-0.010000000000000231,10,3262.0,卖盘
13:40:20,3.27,0.010000000000000231,38,12426.0,买盘
13:40:24,3.27,0.0,5,1635.0,买盘
13:40:30,3.27,0.0,16,5226.0,买盘
13:40:36,3.27,0.0,23,7521.0,买盘
13:40:39,3.27,0.0,134,43809.0,买盘
13:40:42,3.27,0.0,1,327.0,买盘
13:40:45,3.26,-0.010000000000000231,28,9149.0,卖盘
13:40:48,3.27,0.010000000000000231,68,22186.0,买盘
13:40:51,3.26,-0.010000000000000231,7,2282.0,卖盘
13:40:58,3.26,0.0,41,13366.0,卖盘
13:41:05,3.27,0.010000000000000231,15,4905.0,买盘
13:41:11,3.27,0.0,100,32700.0,买盘
13:41:14,3.27,0.0,28,9156.0,买盘
13:41:17,3.27,0.0,2,654.0,买盘
13:41:21,3.27,0.0,78,25506.0,买盘
13:41:24,3.27,0.0,28,9156.0,买盘
13:41:27,3.27,0.0,12,3924.0,买盘
13:41:30,3.27,0.0,33,10791.0,买盘
13:41:36,3.27,0.0,33,10791.0,买盘
13:41:42,3.26,-0.010000000000000231,56,18256.0,卖盘
13:41:45,3.27,0.010000000000000231,21,6867.0,买盘
13:41:49,3.27,0.0,1,327.0,买盘
13:41:52,3.27,0.0,14,4578.0,买盘
13:41:55,3.27,0.0,20,6540.0,买盘
13:42:01,3.27,0.0,2,654.0,买盘
13:42:05,3.27,0.0,25,8175.0,买盘
13:42:08,3.27,0.0,8,2616.0,买盘
13:42:11,3.26,-0.010000000000000231,10,3260.0,卖盘
13:42:14,3.27,0.010000000000000231,70,22890.0,买盘
13:42:18,3.27,0.0,50,16350.0,买盘
13:42:21,3.27,0.0,1,327.0,买盘
13:42:30,3.27,0.0,1,327.0,买盘
13:42:33,3.27,0.0,60,19620.0,买盘
13:42:36,3.26,-0.010000000000000231,219,71394.0,卖盘
13:42:46,3.27,0.010000000000000231,2,654.0,买盘
13:42:48,3.27,0.0,1,327.0,买盘
13:43:02,3.27,0.0,11,3597.0,买盘
13:43:05,3.27,0.0,2,654.0,买盘
13:43:08,3.26,-0.010000000000000231,138,45125.0,卖盘
13:43:21,3.27,0.010000000000000231,108,35316.0,买盘
13:43:30,3.27,0.0,100,32700.0,买盘
13:43:33,3.27,0.0,15,4905.0,买盘
13:43:49,3.27,0.0,10,3270.0,买盘
13:43:59,3.27,0.0,1,327.0,买盘
13:44:06,3.27,0.0,1,327.0,买盘
13:44:12,3.27,0.0,1,327.0,买盘
13:44:15,3.27,0.0,1,327.0,买盘
13:44:18,3.27,0.0,1,327.0,买盘
13:44:30,3.27,0.0,8,2616.0,买盘
13:44:36,3.27,0.0,11,3597.0,买盘
13:44:40,3.26,-0.010000000000000231,30,9780.0,卖盘
13:44:44,3.27,0.010000000000000231,4,1308.0,买盘
13:44:47,3.27,0.0,5,1635.0,买盘
13:44:53,3.26,-0.010000000000000231,2,652.0,卖盘
13:44:56,3.27,0.010000000000000231,6,1962.0,买盘
13:45:00,3.26,-0.010000000000000231,16,5216.0,卖盘
13:45:03,3.26,0.0,5,1630.0,卖盘
13:45:06,3.26,0.0,2,652.0,卖盘
13:45:12,3.27,0.010000000000000231,29,9472.0,买盘
13:45:15,3.27,0.0,13,4251.0,买盘
13:45:21,3.26,-0.010000000000000231,30,9780.0,卖盘
13:45:24,3.26,0.0,64,20874.0,卖盘
13:45:28,3.26,0.0,44,14344.0,卖盘
13:45:31,3.26,0.0,27,8808.0,卖盘
13:45:38,3.27,0.010000000000000231,33,10791.0,买盘
13:45:44,3.27,0.0,290,94558.0,买盘
13:45:47,3.27,0.0,28,9137.0,买盘
13:45:49,3.26,-0.010000000000000231,63,20543.0,卖盘
13:45:57,3.27,0.010000000000000231,16,5232.0,买盘
13:46:12,3.26,-0.010000000000000231,85,27738.0,卖盘
13:46:15,3.26,0.0,21,6846.0,卖盘
13:46:18,3.26,0.0,61,19886.0,卖盘
13:46:22,3.26,0.0,80,26080.0,卖盘
13:46:25,3.26,0.0,24,7824.0,卖盘
13:46:28,3.27,0.010000000000000231,174,56725.0,买盘
13:46:31,3.26,-0.010000000000000231,1812,590712.0,卖盘
13:46:34,3.26,0.0,90,29340.0,卖盘
13:46:38,3.26,0.0,36,11736.0,卖盘
13:46:41,3.26,0.0,6,1956.0,卖盘
13:46:44,3.26,0.0,4,1304.0,卖盘
13:46:47,3.26,0.0,497,162022.0,卖盘
13:46:50,3.26,0.0,7,2282.0,卖盘
13:46:54,3.27,0.010000000000000231,2,653.0,买盘
13:46:57,3.26,-0.010000000000000231,3,978.0,卖盘
13:47:00,3.26,0.0,4,1304.0,卖盘
13:47:03,3.26,0.0,402,131060.0,卖盘
13:47:06,3.26,0.0,80,26103.0,卖盘
13:47:09,3.26,0.0,117,38142.0,卖盘
13:47:12,3.26,0.0,65,21190.0,买盘
13:47:15,3.26,0.0,25,8150.0,买盘
13:47:19,3.26,0.0,46,14996.0,买盘
13:47:22,3.25,-0.009999999999999787,24,7819.0,卖盘
13:47:25,3.26,0.009999999999999787,47,15322.0,买盘
13:47:35,3.26,0.0,5,1630.0,买盘
13:47:38,3.26,0.0,40,13040.0,买盘
13:47:41,3.26,0.0,5,1630.0,买盘
13:47:47,3.25,-0.009999999999999787,6,1954.0,卖盘
13:47:51,3.25,0.0,54,17565.0,卖盘
13:47:57,3.26,0.009999999999999787,15,4890.0,买盘
13:48:00,3.25,-0.009999999999999787,12,3900.0,卖盘
13:48:03,3.26,0.009999999999999787,19,6194.0,买盘
13:48:06,3.26,0.0,109,35454.0,买盘
13:48:12,3.25,-0.009999999999999787,22,7150.0,卖盘
13:48:15,3.26,0.009999999999999787,20,6520.0,买盘
13:48:29,3.26,0.0,12,3912.0,买盘
13:48:32,3.26,0.0,12,3912.0,买盘
13:48:35,3.26,0.0,38,12388.0,买盘
13:48:38,3.26,0.0,312,101711.0,买盘
13:48:41,3.26,0.0,57,18582.0,买盘
13:48:44,3.26,0.0,6,1956.0,买盘
13:48:48,3.26,0.0,5,1630.0,买盘
13:48:51,3.26,0.0,114,37104.0,买盘
13:49:00,3.26,0.0,33,10758.0,买盘
13:49:03,3.26,0.0,20,6510.0,买盘
13:49:10,3.26,0.0,12,3901.0,买盘
13:49:12,3.25,-0.009999999999999787,84,27330.0,卖盘
13:49:22,3.26,0.009999999999999787,30,9780.0,买盘
13:49:25,3.26,0.0,12,3912.0,买盘
13:49:29,3.25,-0.009999999999999787,9,2925.0,卖盘
13:49:39,3.26,0.009999999999999787,30,9780.0,买盘
13:49:48,3.26,0.0,6,1956.0,买盘
13:49:54,3.25,-0.009999999999999787,81,26336.0,卖盘
13:49:57,3.25,0.0,17,5525.0,卖盘
13:50:00,3.26,0.009999999999999787,41,13328.0,买盘
13:50:04,3.25,-0.009999999999999787,12,3900.0,卖盘
13:50:10,3.26,0.009999999999999787,1,326.0,买盘
13:50:20,3.26,0.0,10,3260.0,买盘
13:50:22,3.25,-0.009999999999999787,46,14950.0,卖盘
13:50:32,3.26,0.009999999999999787,678,221013.0,买盘
13:50:36,3.26,0.0,103,33478.0,买盘
13:50:39,3.25,-0.009999999999999787,80,26000.0,卖盘
13:50:45,3.26,0.009999999999999787,1,326.0,买盘
13:50:51,3.26,0.0,4,1304.0,买盘
13:50:54,3.26,0.0,1,326.0,买盘
13:51:04,3.25,-0.009999999999999787,3,975.0,卖盘
13:51:07,3.26,0.009999999999999787,2,652.0,买盘
13:51:13,3.26,0.0,12,3912.0,买盘
13:51:16,3.28,0.020000000000000018,4748,1551885.0,买盘
13:51:20,3.28,0.0,15,4920.0,买盘
13:51:23,3.28,0.0,114,37362.0,买盘
13:51:26,3.27,-0.009999999999999787,41,13407.0,卖盘
13:51:30,3.27,0.0,31,10137.0,卖盘
13:51:33,3.28,0.009999999999999787,1,328.0,买盘
13:51:45,3.27,-0.009999999999999787,40,13100.0,卖盘
13:51:48,3.28,0.009999999999999787,10,3280.0,买盘
13:51:54,3.28,0.0,50,16400.0,买盘
13:52:01,3.27,-0.009999999999999787,13,4251.0,卖盘
13:52:04,3.28,0.009999999999999787,50,16400.0,买盘
13:52:08,3.28,0.0,9,2952.0,买盘
13:52:14,3.28,0.0,3,984.0,买盘
13:52:17,3.28,0.0,17,5576.0,买盘
13:52:20,3.28,0.0,10,3280.0,买盘
13:52:24,3.28,0.0,1,328.0,买盘
13:52:27,3.28,0.0,3,984.0,买盘
13:52:30,3.28,0.0,131,42968.0,买盘
13:52:33,3.27,-0.009999999999999787,25,8175.0,卖盘
13:52:39,3.28,0.009999999999999787,223,73144.0,买盘
13:52:45,3.28,0.0,12,3936.0,买盘
13:52:48,3.28,0.0,5,1640.0,买盘
13:52:51,3.28,0.0,10,3280.0,买盘
13:52:55,3.28,0.0,66,21648.0,买盘
13:52:58,3.28,0.0,27,8856.0,买盘
13:53:01,3.28,0.0,113,37064.0,买盘
13:53:05,3.28,0.0,16,5248.0,买盘
13:53:08,3.28,0.0,48,15744.0,买盘
13:53:11,3.28,0.0,139,45592.0,买盘
13:53:14,3.28,0.0,115,37720.0,买盘
13:53:17,3.28,0.0,761,249608.0,买盘
13:53:21,3.28,0.0,302,99056.0,买盘
13:53:24,3.28,0.0,6,1968.0,买盘
13:53:27,3.28,0.0,3,984.0,买盘
13:53:30,3.28,0.0,5,1640.0,买盘
13:53:33,3.28,0.0,1,328.0,买盘
13:53:36,3.27,-0.009999999999999787,19,6218.0,卖盘
13:53:42,3.28,0.009999999999999787,1,328.0,买盘
13:53:45,3.28,0.0,37,12136.0,买盘
13:53:48,3.28,0.0,5,1640.0,买盘
13:53:52,3.28,0.0,1,328.0,买盘
13:53:55,3.28,0.0,61,20008.0,买盘
13:54:02,3.28,0.0,30,9840.0,买盘
13:54:05,3.27,-0.009999999999999787,70,22890.0,卖盘
13:54:08,3.28,0.009999999999999787,8,2624.0,买盘
13:54:17,3.27,-0.009999999999999787,33,10791.0,卖盘
13:54:21,3.28,0.009999999999999787,3,984.0,买盘
13:54:27,3.28,0.0,1,328.0,买盘
13:54:30,3.28,0.0,1,328.0,买盘
13:54:33,3.28,0.0,18,5904.0,买盘
13:54:39,3.28,0.0,16,5248.0,买盘
13:54:42,3.28,0.0,14,4592.0,买盘
13:54:45,3.28,0.0,29,9512.0,买盘
13:54:49,3.28,0.0,4,1312.0,买盘
13:54:52,3.28,0.0,160,52480.0,买盘
13:54:56,3.28,0.0,32,10496.0,卖盘
13:54:59,3.28,0.0,253,82984.0,卖盘
13:55:02,3.28,0.0,66,21648.0,卖盘
13:55:05,3.28,0.0,2,656.0,卖盘
13:55:11,3.28,0.0,20,6560.0,卖盘
13:55:15,3.28,0.0,29,9512.0,卖盘
13:55:18,3.29,0.010000000000000231,8,2632.0,买盘
13:55:27,3.28,-0.010000000000000231,386,126608.0,卖盘
13:55:30,3.28,0.0,3,984.0,卖盘
13:55:33,3.28,0.0,1,328.0,卖盘
13:55:36,3.29,0.010000000000000231,1,329.0,买盘
13:55:39,3.28,-0.010000000000000231,161,52808.0,卖盘
13:55:42,3.27,-0.009999999999999787,17,5559.0,卖盘
13:55:46,3.28,0.009999999999999787,25,8200.0,买盘
13:55:51,3.27,-0.009999999999999787,17,5559.0,卖盘
13:55:56,3.27,0.0,30,9839.0,卖盘
13:56:02,3.28,0.009999999999999787,200,65600.0,买盘
13:56:05,3.28,0.0,40,13120.0,买盘
13:56:08,3.28,0.0,22,7216.0,买盘
13:56:12,3.27,-0.009999999999999787,16,5236.0,卖盘
13:56:18,3.28,0.009999999999999787,4,1312.0,买盘
13:56:27,3.28,0.0,5,1640.0,买盘
13:56:30,3.28,0.0,1,328.0,买盘
