成交时间,成交价,价格变动,成交量（手）,成交额（元）,性质
09:30:02,3.4,-0.050000000000000266,2813,960372.0,卖盘
09:30:03,3.43,0.03000000000000025,5146,1759358.0,买盘
09:30:08,3.41,-0.020000000000000018,1124,384368.0,卖盘
09:30:11,3.42,0.009999999999999787,3458,1185213.0,中性盘
09:30:15,3.42,0.0,636,217580.0,卖盘
09:30:18,3.43,0.010000000000000231,1170,400885.0,买盘
09:30:21,3.41,-0.020000000000000018,1397,478711.0,卖盘
09:30:24,3.42,0.009999999999999787,392,134162.0,买盘
09:30:27,3.42,0.0,203,69319.0,买盘
09:30:30,3.42,0.0,431,147327.0,买盘
09:30:33,3.42,0.0,3172,1082977.0,卖盘
09:30:36,3.44,0.020000000000000018,2368,812180.0,买盘
09:30:39,3.42,-0.020000000000000018,2109,722708.0,卖盘
09:30:42,3.42,0.0,361,123444.0,买盘
09:30:45,3.41,-0.009999999999999787,2221,761238.0,卖盘
09:30:48,3.43,0.020000000000000018,282,96696.0,买盘
09:30:51,3.42,-0.010000000000000231,320,109530.0,卖盘
09:30:54,3.43,0.010000000000000231,714,244791.0,买盘
09:30:57,3.42,-0.010000000000000231,197,67450.0,卖盘
09:31:01,3.42,0.0,178,60864.0,买盘
09:31:08,3.44,0.029999999999999805,3873,1331131.0,买盘
09:31:12,3.45,0.010000000000000231,6430,2215273.0,买盘
09:31:15,3.45,0.0,1112,383198.0,买盘
09:31:18,3.44,-0.010000000000000231,1000,344209.0,卖盘
09:31:21,3.44,0.0,1416,487104.0,买盘
09:31:24,3.45,0.010000000000000231,997,343253.0,买盘
09:31:27,3.44,-0.010000000000000231,260,89441.0,卖盘
09:31:33,3.44,0.0,1065,366302.0,买盘
09:31:36,3.44,0.0,1314,451860.0,买盘
09:31:39,3.43,-0.009999999999999787,586,201524.0,卖盘
09:31:42,3.44,0.009999999999999787,1006,345656.0,买盘
09:31:45,3.44,0.0,3114,1074150.0,买盘
09:31:50,3.44,0.0,234,80387.0,买盘
09:31:56,3.43,-0.009999999999999787,130,44713.0,卖盘
09:31:59,3.44,0.009999999999999787,1796,617807.0,买盘
09:32:02,3.44,0.0,1816,626919.0,买盘
09:32:06,3.45,0.010000000000000231,1163,402747.0,卖盘
09:32:09,3.45,0.0,721,248906.0,买盘
09:32:12,3.47,0.020000000000000018,458,158228.0,买盘
09:32:15,3.45,-0.020000000000000018,117,40405.0,卖盘
09:32:18,3.45,0.0,304,104982.0,卖盘
09:32:21,3.46,0.009999999999999787,724,250518.0,买盘
09:32:24,3.45,-0.009999999999999787,297,102737.0,卖盘
09:32:27,3.46,0.009999999999999787,1549,534565.0,买盘
09:32:30,3.45,-0.009999999999999787,986,340546.0,卖盘
09:32:33,3.46,0.009999999999999787,224,77388.0,买盘
09:32:37,3.46,0.0,249,86134.0,买盘
09:32:44,3.46,0.0,700,242523.0,卖盘
09:32:50,3.46,0.0,279,96615.0,卖盘
09:32:53,3.46,0.0,149,51672.0,卖盘
09:32:56,3.47,0.010000000000000231,727,252269.0,买盘
09:33:00,3.47,0.0,418,145036.0,卖盘
09:33:03,3.48,0.009999999999999787,1967,683988.0,买盘
09:33:06,3.49,0.010000000000000231,518,180349.0,买盘
09:33:09,3.49,0.0,1626,567244.0,买盘
09:33:12,3.48,-0.010000000000000231,2317,807977.0,卖盘
09:33:15,3.49,0.010000000000000231,1866,651200.0,买盘
09:33:18,3.48,-0.010000000000000231,730,254339.0,卖盘
09:33:21,3.48,0.0,1221,425484.0,买盘
09:33:24,3.48,0.0,701,243699.0,卖盘
09:33:27,3.49,0.010000000000000231,1372,478059.0,买盘
09:33:30,3.49,0.0,384,133672.0,买盘
09:33:33,3.48,-0.010000000000000231,996,346427.0,中性盘
09:33:37,3.48,0.0,1297,451295.0,中性盘
09:33:41,3.48,0.0,871,302932.0,买盘
09:33:44,3.47,-0.009999999999999787,3438,1190940.0,卖盘
09:33:47,3.47,0.0,460,159630.0,买盘
09:33:50,3.47,0.0,263,91223.0,买盘
09:33:54,3.46,-0.010000000000000231,1972,683002.0,卖盘
09:33:57,3.47,0.010000000000000231,3378,1173760.0,买盘
09:34:00,3.47,0.0,96,33326.0,卖盘
09:34:03,3.47,0.0,135,46845.0,卖盘
09:34:06,3.48,0.009999999999999787,687,238903.0,买盘
09:34:09,3.49,0.010000000000000231,5045,1756151.759999998,买盘
09:34:12,3.48,-0.010000000000000231,2156,751599.0,卖盘
09:34:15,3.49,0.010000000000000231,1628,567754.0,买盘
09:34:18,3.49,0.0,875,305357.0,买盘
09:34:21,3.49,0.0,546,190447.0,卖盘
09:34:24,3.49,0.0,483,168441.0,卖盘
09:34:28,3.48,-0.010000000000000231,624,217885.0,卖盘
09:34:32,3.48,0.0,773,269223.0,卖盘
09:34:35,3.49,0.010000000000000231,2190,764274.0,买盘
09:34:37,3.48,-0.010000000000000231,4578,1598647.0,卖盘
09:34:41,3.49,0.010000000000000231,444,154893.0,买盘
09:34:44,3.5,0.009999999999999787,2446,854458.0,买盘
09:34:47,3.5,0.0,2689,940981.0,买盘
09:34:51,3.51,0.009999999999999787,1430,501715.0,买盘
09:34:54,3.5,-0.009999999999999787,964,338934.0,卖盘
09:34:57,3.53,0.029999999999999805,1003,353350.0,买盘
09:35:00,3.52,-0.009999999999999787,2319,819302.0,中性盘
09:35:02,3.52,0.0,633,222914.0,买盘
09:35:06,3.52,0.0,1699,598644.0,买盘
09:35:09,3.55,0.029999999999999805,16363,5793595.0,买盘
09:35:12,3.56,0.010000000000000231,1876,665972.0,买盘
09:35:15,3.56,0.0,1185,420935.0,买盘
09:35:18,3.57,0.009999999999999787,7393,2627975.0,买盘
09:35:22,3.55,-0.020000000000000018,1642,583589.0,卖盘
09:35:29,3.56,-0.009999999999999787,389,138195.0,卖盘
09:35:32,3.54,-0.020000000000000018,1696,602786.0,卖盘
09:35:35,3.54,0.0,1490,529910.0,卖盘
09:35:38,3.55,0.009999999999999787,1491,529224.0,中性盘
09:35:41,3.55,0.0,1020,361642.0,买盘
09:35:44,3.54,-0.009999999999999787,382,135272.0,卖盘
09:35:48,3.55,0.009999999999999787,1167,413561.0,买盘
09:35:51,3.54,-0.009999999999999787,3689,1303727.0,卖盘
09:35:54,3.52,-0.020000000000000018,1697,598744.0,卖盘
09:35:57,3.52,0.0,524,185438.0,中性盘
09:36:00,3.52,0.0,720,253986.0,买盘
09:36:03,3.51,-0.010000000000000231,4890,1722007.0000000075,卖盘
09:36:06,3.5,-0.009999999999999787,2190,766495.0,卖盘
09:36:12,3.49,-0.009999999999999787,614,214386.0,卖盘
09:36:15,3.49,0.0,829,288784.0,卖盘
09:36:18,3.52,0.029999999999999805,4588,1606803.0,买盘
09:36:21,3.48,-0.040000000000000036,236,82285.0,卖盘
09:36:26,3.49,0.010000000000000231,746,259854.0,买盘
09:36:29,3.49,0.0,236,82443.0,买盘
09:36:32,3.5,0.009999999999999787,106,37077.0,买盘
09:36:35,3.5,0.0,3597,1258013.0,买盘
09:36:38,3.49,-0.009999999999999787,1695,591182.8399999887,卖盘
09:36:41,3.5,0.009999999999999787,1263,441676.0,买盘
09:36:45,3.49,-0.009999999999999787,673,235400.0,卖盘
09:36:48,3.5,0.009999999999999787,474,165523.0,买盘
09:36:51,3.49,-0.009999999999999787,188,65722.0,中性盘
09:36:54,3.5,0.009999999999999787,673,235556.0,买盘
09:36:57,3.49,-0.009999999999999787,221,77239.0,中性盘
09:37:00,3.48,-0.010000000000000231,1911,667656.0,卖盘
09:37:03,3.48,0.0,1054,368752.0,卖盘
09:37:06,3.48,0.0,1030,359523.0,卖盘
09:37:09,3.5,0.020000000000000018,2596,907516.0,买盘
09:37:12,3.49,-0.009999999999999787,459,160642.0,卖盘
09:37:15,3.49,0.0,128,44662.02000001073,卖盘
09:37:19,3.49,0.0,502,175611.0,卖盘
09:37:23,3.49,0.0,829,289881.0,卖盘
09:37:26,3.48,-0.010000000000000231,2609,908504.0,卖盘
09:37:29,3.49,0.010000000000000231,1775,618775.0,买盘
09:37:32,3.48,-0.010000000000000231,198,69001.0,卖盘
09:37:35,3.48,0.0,245,85438.0,卖盘
09:37:38,3.49,0.010000000000000231,956,333158.0,买盘
09:37:42,3.49,0.0,112,39062.0,买盘
09:37:45,3.48,-0.010000000000000231,261,90935.0,卖盘
09:37:48,3.48,0.0,162,56376.0,卖盘
09:37:51,3.49,0.010000000000000231,846,295250.0,买盘
09:37:54,3.48,-0.010000000000000231,376,130906.0,卖盘
09:37:57,3.51,0.029999999999999805,2448,858180.0,买盘
09:38:00,3.51,0.0,141,49501.0,卖盘
09:38:06,3.53,0.020000000000000018,2646,932202.0,买盘
09:38:09,3.53,0.0,202,71306.0,卖盘
09:38:12,3.53,0.0,164,57923.0,卖盘
09:38:16,3.53,0.0,352,124461.0,卖盘
09:38:20,3.54,0.010000000000000231,1795,635395.0,买盘
09:38:23,3.54,0.0,805,284818.0,买盘
09:38:26,3.55,0.009999999999999787,3042,1079303.0,买盘
09:38:29,3.55,0.0,1971,697295.0,买盘
09:38:32,3.55,0.0,827,293407.0,买盘
09:38:35,3.55,0.0,1516,537349.0,买盘
09:38:39,3.54,-0.009999999999999787,870,307522.0,中性盘
09:38:42,3.54,0.0,616,217930.0,买盘
09:38:45,3.54,0.0,1242,440262.0,买盘
09:38:48,3.54,0.0,1178,417701.0,卖盘
09:38:51,3.55,0.009999999999999787,992,351433.0,买盘
09:38:54,3.54,-0.009999999999999787,1234,436830.0,卖盘
09:38:57,3.54,0.0,4242,1501338.0,买盘
09:39:00,3.54,0.0,550,194698.0,买盘
09:39:03,3.54,0.0,421,149178.0,卖盘
09:39:06,3.54,0.0,1236,437647.0,卖盘
09:39:10,3.54,0.0,170,60168.0,买盘
09:39:13,3.54,0.0,205,72548.0,买盘
09:39:17,3.54,0.0,664,234740.0,买盘
09:39:20,3.53,-0.010000000000000231,696,245864.0,卖盘
09:39:23,3.54,0.010000000000000231,976,345103.0,买盘
09:39:26,3.53,-0.010000000000000231,771,272232.0,卖盘
09:39:29,3.53,0.0,4937,1751097.0,卖盘
09:39:32,3.53,0.0,1098,387745.0,买盘
09:39:36,3.53,0.0,1006,354526.0,买盘
09:39:39,3.53,0.0,1174,413675.0,买盘
09:39:42,3.53,0.0,528,186032.0,买盘
09:39:45,3.53,0.0,414,146022.0,买盘
09:39:48,3.53,0.0,1570,554227.0,买盘
09:39:51,3.53,0.0,578,203845.0,买盘
09:39:54,3.53,0.0,1492,526312.0,买盘
09:39:57,3.53,0.0,195,68878.0,卖盘
09:40:00,3.53,0.0,180,63559.0,卖盘
09:40:03,3.53,0.0,1260,445439.0,卖盘
09:40:06,3.53,0.0,881,310695.0,买盘
09:40:09,3.53,0.0,344,121342.0,买盘
09:40:14,3.53,0.0,649,229048.0,买盘
09:40:17,3.54,0.010000000000000231,1113,393956.0,买盘
09:40:20,3.55,0.009999999999999787,2175,772053.0,买盘
09:40:23,3.55,0.0,97,34435.0,买盘
09:40:26,3.56,0.010000000000000231,228,81046.0,买盘
09:40:29,3.56,0.0,674,239737.0,买盘
09:40:33,3.57,0.009999999999999787,4652,1656102.0,买盘
09:40:36,3.57,0.0,7950,2838548.0,买盘
09:40:39,3.58,0.010000000000000231,1354,483835.0,买盘
09:40:42,3.58,0.0,372,133143.0,买盘
09:40:45,3.58,0.0,1267,453552.0,买盘
09:40:48,3.58,0.0,4353,1555730.0,卖盘
09:40:51,3.59,0.009999999999999787,1664,596279.0,买盘
09:40:54,3.58,-0.009999999999999787,1062,380203.0,卖盘
09:40:57,3.59,0.009999999999999787,2186,782987.9799999893,买盘
09:41:00,3.58,-0.009999999999999787,1439,515420.0,中性盘
09:41:04,3.58,0.0,2813,1007439.0,买盘
09:41:07,3.58,0.0,3801,1361812.0,卖盘
09:41:11,3.58,0.0,1102,394605.0,卖盘
09:41:14,3.57,-0.010000000000000231,1010,360878.0,卖盘
09:41:17,3.57,0.0,3721,1335197.9800000042,买盘
09:41:20,3.57,0.0,640,228659.0,卖盘
09:41:23,3.57,0.0,1904,681421.0,买盘
09:41:27,3.57,0.0,843,300821.0,买盘
09:41:30,3.56,-0.009999999999999787,1127,402115.0,卖盘
09:41:33,3.56,0.0,847,302426.0,卖盘
09:41:36,3.58,0.020000000000000018,759,270500.0,买盘
09:41:39,3.57,-0.010000000000000231,1253,446928.0,卖盘
09:41:42,3.56,-0.009999999999999787,485,173031.0,卖盘
09:41:45,3.56,0.0,298,106195.0,卖盘
09:41:48,3.56,0.0,1439,512368.0,卖盘
09:41:52,3.56,0.0,561,199716.0,买盘
09:41:58,3.56,0.0,472,168032.0,买盘
09:42:02,3.55,-0.010000000000000231,661,235187.0,卖盘
09:42:05,3.55,0.0,5027,1791101.0,卖盘
09:42:08,3.56,0.010000000000000231,356,126649.0,买盘
09:42:11,3.56,0.0,1922,683039.0,买盘
09:42:14,3.55,-0.010000000000000231,832,295962.0,卖盘
09:42:18,3.55,0.0,739,262477.0,卖盘
09:42:21,3.55,0.0,360,128061.0,卖盘
09:42:24,3.55,0.0,507,180070.0,卖盘
09:42:27,3.56,0.010000000000000231,437,155200.0,买盘
09:42:30,3.55,-0.010000000000000231,550,195265.0,卖盘
09:42:33,3.55,0.0,2689,954688.0,卖盘
09:42:36,3.55,0.0,3655,1295607.0,买盘
09:42:39,3.55,0.0,831,294939.0,买盘
09:42:42,3.55,0.0,282,100092.0,买盘
09:42:45,3.56,0.010000000000000231,623,221575.0,买盘
09:42:48,3.55,-0.010000000000000231,568,201660.0,卖盘
09:42:52,3.56,0.010000000000000231,151,53698.0,买盘
09:42:55,3.56,0.0,1822,646826.0,买盘
09:42:59,3.55,-0.010000000000000231,182,64673.0,中性盘
09:43:02,3.56,0.010000000000000231,432,153549.0,买盘
09:43:05,3.55,-0.010000000000000231,765,271852.0,卖盘
09:43:08,3.55,0.0,1002,354909.0,买盘
09:43:11,3.55,0.0,796,282429.0,买盘
09:43:14,3.54,-0.009999999999999787,292,103461.0,中性盘
09:43:18,3.55,0.009999999999999787,4102,1448507.0,买盘
09:43:21,3.53,-0.020000000000000018,496,175088.0,卖盘
09:43:24,3.53,0.0,44,15529.0,买盘
09:43:27,3.53,0.0,1362,479690.0,买盘
09:43:30,3.52,-0.009999999999999787,530,186861.0,中性盘
09:43:33,3.52,0.0,1050,368908.0,买盘
09:43:36,3.52,0.0,796,279679.0,买盘
09:43:39,3.52,0.0,644,226511.0,买盘
09:43:42,3.52,0.0,539,189349.0,买盘
09:43:45,3.52,0.0,51,17926.0,买盘
09:43:49,3.51,-0.010000000000000231,68,23916.0,卖盘
09:43:52,3.52,0.010000000000000231,385,135448.0,买盘
09:43:55,3.52,0.0,654,229704.0,买盘
09:43:59,3.52,0.0,751,264323.0,买盘
09:44:01,3.52,0.0,1086,381204.0,卖盘
09:44:05,3.52,0.0,175,61602.0,买盘
09:44:08,3.53,0.009999999999999787,48,16897.0,买盘
09:44:11,3.52,-0.009999999999999787,366,129050.0,卖盘
09:44:15,3.53,0.009999999999999787,340,119847.0,买盘
09:44:18,3.52,-0.009999999999999787,101,35615.0,卖盘
09:44:21,3.54,0.020000000000000018,102,36065.0,买盘
09:44:24,3.53,-0.010000000000000231,83,29309.0,卖盘
09:44:27,3.54,0.010000000000000231,2059,728290.0,买盘
09:44:30,3.53,-0.010000000000000231,169,59759.0,卖盘
09:44:33,3.52,-0.009999999999999787,885,311779.0,卖盘
09:44:36,3.54,0.020000000000000018,967,340861.0,买盘
09:44:40,3.54,0.0,2733,967389.0,买盘
09:44:46,3.54,0.0,611,216294.0,卖盘
09:44:50,3.54,0.0,112,39703.0,卖盘
09:44:52,3.54,0.0,563,199422.0,卖盘
09:44:56,3.54,0.0,699,248018.0,卖盘
09:44:59,3.54,0.0,2247,796828.0000000149,卖盘
09:45:02,3.54,0.0,354,125427.0,卖盘
09:45:05,3.54,0.0,584,206769.0,卖盘
09:45:09,3.54,0.0,43,15222.0,买盘
09:45:12,3.55,0.009999999999999787,450,159274.0,买盘
09:45:15,3.54,-0.009999999999999787,249,88146.0,卖盘
09:45:18,3.54,0.0,1833,647983.0,卖盘
09:45:21,3.54,0.0,5603,1988304.0,买盘
09:45:24,3.54,0.0,524,185096.0,买盘
09:45:27,3.54,0.0,246,87082.0,买盘
09:45:30,3.52,-0.020000000000000018,1066,375858.0,卖盘
09:45:34,3.54,0.020000000000000018,1668,587599.0,买盘
09:45:56,3.53,0.009999999999999787,140,49330.0,买盘
09:45:59,3.53,0.0,1663,584526.3299999833,买盘
09:46:03,3.52,-0.009999999999999787,69,24312.0,卖盘
09:46:06,3.51,-0.010000000000000231,778,274212.0,卖盘
09:46:09,3.51,0.0,1822,639401.1700000167,卖盘
09:46:12,3.53,0.020000000000000018,1283,452343.0,买盘
09:46:15,3.5,-0.029999999999999805,73,25568.0,卖盘
09:46:18,3.52,0.020000000000000018,2431,858409.0,买盘
09:46:21,3.51,-0.010000000000000231,1472,519693.0,卖盘
09:46:24,3.52,0.010000000000000231,115,40465.0,买盘
09:46:27,3.5,-0.020000000000000018,1562,547529.0,卖盘
09:46:31,3.51,0.009999999999999787,4172,1460402.0,卖盘
09:46:34,3.5,-0.009999999999999787,1039,364197.0,卖盘
09:46:37,3.51,0.009999999999999787,1234,432201.0,买盘
09:46:41,3.5,-0.009999999999999787,170,59560.0,卖盘
09:46:44,3.5,0.0,325,113797.0,卖盘
09:46:47,3.5,0.0,3073,1075615.5,卖盘
09:46:50,3.5,0.0,768,269273.1699999869,买盘
09:46:53,3.48,-0.020000000000000018,3361,1171135.0,卖盘
09:46:57,3.49,0.010000000000000231,436,152164.0,买盘
09:47:00,3.48,-0.010000000000000231,199,69278.0,卖盘
09:47:03,3.49,0.010000000000000231,354,123362.0,买盘
09:47:06,3.49,0.0,591,205788.0,买盘
09:47:09,3.49,0.0,352,122848.0,卖盘
09:47:12,3.49,0.0,876,305849.0,卖盘
09:47:15,3.49,0.0,100,34938.0,中性盘
09:47:18,3.49,0.0,2093,730496.0,卖盘
09:47:21,3.49,0.0,489,170808.0,卖盘
09:47:24,3.49,0.0,71,24780.0,卖盘
09:47:28,3.49,0.0,743,259415.0,卖盘
09:47:31,3.5,0.009999999999999787,797,278170.0,买盘
09:47:35,3.5,0.0,68,23766.0,买盘
09:47:38,3.49,-0.009999999999999787,163,56964.0,卖盘
09:47:41,3.49,0.0,217,75733.0,卖盘
09:47:44,3.49,0.0,115,40187.0,卖盘
09:47:47,3.49,0.0,528,184466.0,卖盘
09:47:50,3.49,0.0,309,107949.0,卖盘
09:47:54,3.49,0.0,1377,481087.0,卖盘
09:47:57,3.5,0.009999999999999787,540,188556.0,买盘
09:48:00,3.5,0.0,193,67432.0,买盘
09:48:03,3.5,0.0,818,286199.0,买盘
09:48:06,3.49,-0.009999999999999787,127,44328.0,卖盘
09:48:09,3.5,0.009999999999999787,576,201484.0,买盘
09:48:12,3.5,0.0,288,100800.0,卖盘
09:48:15,3.49,-0.009999999999999787,232,81181.0,卖盘
09:48:18,3.5,0.009999999999999787,39,13650.0,买盘
09:48:21,3.5,0.0,522,182372.0,买盘
09:48:25,3.5,0.0,250,87434.0,买盘
09:48:28,3.49,-0.009999999999999787,545,190248.0,卖盘
09:48:32,3.49,0.0,217,75733.0,卖盘
09:48:35,3.49,0.0,25,8725.0,买盘
09:48:38,3.49,0.0,216,75236.0,买盘
09:48:41,3.48,-0.010000000000000231,404,140632.0,卖盘
09:48:44,3.48,0.0,2443,850348.0,卖盘
09:48:47,3.47,-0.009999999999999787,1107,385680.0,卖盘
09:48:51,3.48,0.009999999999999787,153,53163.0,买盘
09:48:54,3.47,-0.009999999999999787,40,13882.0,卖盘
09:48:57,3.48,0.009999999999999787,620,215309.0,买盘
09:49:00,3.47,-0.009999999999999787,251,87098.0,卖盘
09:49:03,3.48,0.009999999999999787,356,123666.0,买盘
09:49:06,3.47,-0.009999999999999787,997,346143.0,卖盘
09:49:09,3.47,0.0,1027,356469.0,卖盘
09:49:12,3.47,0.0,252,87274.0,买盘
09:49:15,3.47,0.0,277,95964.0,买盘
09:49:18,3.46,-0.010000000000000231,402,139343.0,卖盘
09:49:21,3.46,0.0,223,77226.0,卖盘
09:49:25,3.46,0.0,214,74071.0,卖盘
09:49:29,3.46,0.0,215,74400.0,卖盘
09:49:32,3.46,0.0,115,39804.0,卖盘
09:49:35,3.47,0.010000000000000231,772,267477.0,买盘
09:49:38,3.46,-0.010000000000000231,717,248082.0,卖盘
09:49:41,3.47,0.010000000000000231,663,229523.0,买盘
09:49:44,3.46,-0.010000000000000231,408,141253.0,卖盘
09:49:48,3.46,0.0,144,49896.0,卖盘
09:49:51,3.47,0.010000000000000231,60,20798.0,买盘
09:49:54,3.46,-0.010000000000000231,227,78552.0,卖盘
09:49:57,3.46,0.0,156,54103.0,卖盘
09:50:00,3.46,0.0,37,12805.0,卖盘
09:50:03,3.46,0.0,310,107452.0,卖盘
09:50:06,3.46,0.0,497,172037.0,卖盘
09:50:09,3.47,0.010000000000000231,139,48170.0,买盘
09:50:12,3.46,-0.010000000000000231,125,43280.0,卖盘
09:50:16,3.47,0.010000000000000231,2068,715614.0,买盘
09:50:19,3.46,-0.010000000000000231,86,29773.0,卖盘
09:50:23,3.47,0.010000000000000231,178,61685.0,买盘
09:50:26,3.46,-0.010000000000000231,372,128915.0,卖盘
09:50:29,3.47,0.010000000000000231,131,45398.0,买盘
09:50:32,3.47,0.0,193,66936.0,买盘
09:50:35,3.46,-0.010000000000000231,12,4153.0,卖盘
09:50:38,3.47,0.010000000000000231,1073,371342.0,买盘
09:50:42,3.46,-0.010000000000000231,292,101208.0,卖盘
09:50:45,3.47,0.010000000000000231,298,103349.0,买盘
09:50:48,3.46,-0.010000000000000231,169,58559.0,卖盘
09:50:51,3.46,0.0,115,39803.0,卖盘
09:50:54,3.47,0.010000000000000231,40,13860.0,买盘
09:50:57,3.47,0.0,52,18037.0,买盘
09:51:00,3.46,-0.010000000000000231,1009,349243.0,卖盘
09:51:03,3.47,0.010000000000000231,331,114564.0,买盘
09:51:06,3.46,-0.010000000000000231,80,27700.0,卖盘
09:51:10,3.47,0.010000000000000231,959,331861.0,买盘
09:51:13,3.46,-0.010000000000000231,133,45991.0,中性盘
09:51:17,3.46,0.0,486,167918.0,买盘
09:51:20,3.46,0.0,48,16606.0,买盘
09:51:23,3.46,0.0,202,69884.0,买盘
09:51:26,3.45,-0.009999999999999787,212,73256.0,卖盘
09:51:29,3.45,0.0,327,112990.0,卖盘
09:51:32,3.45,0.0,453,156417.0,卖盘
09:51:36,3.46,0.009999999999999787,399,137958.0,买盘
09:51:39,3.46,0.0,2884,995240.0,买盘
09:51:42,3.45,-0.009999999999999787,221,76274.0,卖盘
09:51:45,3.45,0.0,822,283634.0,卖盘
09:51:48,3.45,0.0,327,112871.0,卖盘
09:51:51,3.45,0.0,630,217390.0,卖盘
09:51:54,3.45,0.0,254,87630.0,卖盘
09:51:57,3.45,0.0,159,54810.0,买盘
09:52:00,3.45,0.0,372,128320.0,买盘
09:52:03,3.43,-0.020000000000000018,1639,563395.0,卖盘
09:52:07,3.44,0.009999999999999787,154,52996.0,中性盘
09:52:10,3.45,0.010000000000000231,281,96719.0,买盘
09:52:14,3.45,0.0,131,45100.0,买盘
09:52:17,3.45,0.0,258,88906.0,买盘
09:52:20,3.44,-0.010000000000000231,306,105320.0,卖盘
09:52:23,3.44,0.0,717,246126.0,买盘
09:52:26,3.44,0.0,691,237765.0,买盘
09:52:29,3.45,0.010000000000000231,504,173409.0,买盘
09:52:33,3.44,-0.010000000000000231,738,253673.0,卖盘
09:52:36,3.44,0.0,124,42656.0,买盘
09:52:39,3.44,0.0,398,137099.0,卖盘
09:52:42,3.45,0.010000000000000231,156,53666.0,买盘
09:52:45,3.45,0.0,52,17916.0,买盘
09:52:48,3.45,0.0,647,222665.0,买盘
09:52:51,3.45,0.0,644,222070.0,买盘
09:52:54,3.45,0.0,182,62787.0,买盘
09:52:57,3.45,0.0,157,54165.0,买盘
09:53:01,3.45,0.0,129,44493.0,买盘
09:53:04,3.45,0.0,1831,629970.0,买盘
09:53:07,3.44,-0.010000000000000231,143,49295.0,卖盘
09:53:11,3.45,0.010000000000000231,196,67615.0,买盘
09:53:14,3.45,0.0,296,101868.0,卖盘
09:53:17,3.45,0.0,52,17940.0,买盘
09:53:20,3.45,0.0,367,126615.0,买盘
09:53:23,3.45,0.0,61,21045.0,卖盘
09:53:27,3.45,0.0,250,86262.0,卖盘
09:53:30,3.45,0.0,302,104195.0,买盘
09:53:33,3.45,0.0,121,41811.0,卖盘
09:53:36,3.45,0.0,5,1725.0,卖盘
09:53:39,3.45,0.0,141,48695.0,卖盘
09:53:42,3.46,0.009999999999999787,189,65208.0,买盘
09:53:45,3.45,-0.009999999999999787,161,55605.0,卖盘
09:53:48,3.46,0.009999999999999787,224,77330.0,买盘
09:53:51,3.45,-0.009999999999999787,676,233756.0,卖盘
09:53:54,3.45,0.0,227,78480.0,卖盘
09:53:58,3.45,0.0,159,54942.0,卖盘
09:54:01,3.46,0.009999999999999787,563,194771.0,买盘
09:54:05,3.45,-0.009999999999999787,206,71099.0,卖盘
09:54:08,3.46,0.009999999999999787,238,82348.0,买盘
09:54:11,3.45,-0.009999999999999787,159,55013.0,卖盘
09:54:14,3.46,0.009999999999999787,310,107025.0,买盘
09:54:17,3.46,0.0,206,71276.0,买盘
09:54:20,3.45,-0.009999999999999787,398,137667.0,卖盘
09:54:24,3.46,0.009999999999999787,320,110667.0,买盘
09:54:27,3.46,0.0,285,98497.0,买盘
09:54:30,3.46,0.0,341,117996.0,卖盘
09:54:33,3.47,0.010000000000000231,22,7615.0,买盘
09:54:36,3.46,-0.010000000000000231,1,346.0,卖盘
09:54:39,3.47,0.010000000000000231,823,285378.0,买盘
09:54:42,3.47,0.0,131,45397.0,买盘
09:54:45,3.47,0.0,106,36782.0,买盘
09:54:48,3.46,-0.010000000000000231,215,74598.0,卖盘
09:54:51,3.46,0.0,219,75927.0,卖盘
09:54:55,3.47,0.010000000000000231,31,10756.0,买盘
09:54:58,3.47,0.0,77,26697.0,买盘
09:55:02,3.47,0.0,61,21165.0,买盘
09:55:05,3.47,0.0,207,71761.0,买盘
09:55:08,3.46,-0.010000000000000231,1286,445094.0,卖盘
09:55:11,3.46,0.0,834,288610.0,卖盘
09:55:14,3.46,0.0,481,166372.0,卖盘
09:55:17,3.46,0.0,990,341779.0,买盘
09:55:21,3.45,-0.009999999999999787,188,64893.0,卖盘
09:55:24,3.46,0.009999999999999787,480,165723.0,买盘
09:55:27,3.46,0.0,1109,382734.0,买盘
09:55:30,3.46,0.0,177,61146.0,买盘
09:55:33,3.46,0.0,50,17300.0,买盘
09:55:36,3.45,-0.009999999999999787,517,178325.0,卖盘
09:55:39,3.45,0.0,397,136965.0,买盘
09:55:42,3.45,0.0,1872,644168.0,买盘
09:55:45,3.45,0.0,312,107442.0,买盘
09:55:48,3.44,-0.010000000000000231,5,1723.0,卖盘
09:55:52,3.45,0.010000000000000231,171,58834.0,买盘
09:55:55,3.44,-0.010000000000000231,78,26850.0,卖盘
09:55:58,3.44,0.0,27,9288.0,卖盘
09:56:02,3.44,0.0,8,2752.0,卖盘
09:56:05,3.45,0.010000000000000231,108,37162.0,买盘
09:56:08,3.45,0.0,104,35790.0,买盘
09:56:11,3.45,0.0,115,39615.0,买盘
09:56:14,3.45,0.0,13,4477.0,买盘
09:56:18,3.45,0.0,140,48205.0,买盘
09:56:21,3.45,0.0,300,103500.0,买盘
09:56:24,3.44,-0.010000000000000231,166,57159.0,卖盘
09:56:27,3.45,0.010000000000000231,216,74464.0,买盘
09:56:30,3.45,0.0,36,12420.0,买盘
09:56:33,3.45,0.0,195,67196.0,买盘
09:56:36,3.45,0.0,126,43435.0,买盘
09:56:39,3.45,0.0,266,91870.0,买盘
09:56:42,3.45,0.0,95,32775.0,卖盘
09:56:45,3.45,0.0,187,64515.0,卖盘
09:56:49,3.45,0.0,214,73830.0,卖盘
09:56:52,3.45,0.0,144,49680.0,卖盘
09:56:56,3.45,0.0,79,27255.0,买盘
09:56:59,3.44,-0.010000000000000231,227,78224.0,卖盘
09:57:02,3.45,0.010000000000000231,10,3450.0,买盘
09:57:05,3.45,0.0,168,57812.0,买盘
09:57:08,3.45,0.0,16,5519.0,买盘
09:57:12,3.45,0.0,117,40362.0,买盘
09:57:15,3.45,0.0,45,15525.0,买盘
09:57:18,3.44,-0.010000000000000231,28,9651.0,卖盘
09:57:21,3.44,0.0,509,175104.0,卖盘
09:57:24,3.44,0.0,12,4138.0,卖盘
09:57:27,3.44,0.0,234,80563.0,卖盘
09:57:30,3.44,0.0,1813,624459.0,卖盘
09:57:33,3.45,0.010000000000000231,807,277934.0,买盘
09:57:36,3.45,0.0,85,29300.0,买盘
09:57:39,3.45,0.0,81,27945.0,买盘
09:57:43,3.45,0.0,140,48290.0,买盘
09:57:46,3.45,0.0,1,345.0,卖盘
09:57:49,3.45,0.0,461,159088.0,卖盘
09:57:53,3.45,0.0,80,27600.0,卖盘
09:57:56,3.45,0.0,156,53840.0,卖盘
09:57:59,3.45,0.0,162,55911.0,卖盘
09:58:02,3.44,-0.010000000000000231,102,35119.0,卖盘
09:58:05,3.45,0.010000000000000231,90,30982.0,买盘
09:58:08,3.45,0.0,32,11038.0,买盘
09:58:12,3.45,0.0,122,42070.0,买盘
09:58:15,3.46,0.009999999999999787,327,113102.0,买盘
09:58:18,3.45,-0.009999999999999787,10,3452.0,卖盘
09:58:21,3.45,0.0,2,690.0,卖盘
09:58:24,3.46,0.009999999999999787,551,190145.0,买盘
09:58:27,3.46,0.0,940,325240.0,买盘
09:58:30,3.46,0.0,711,245906.0,买盘
09:58:33,3.45,-0.009999999999999787,340,117460.0,卖盘
09:58:36,3.47,0.020000000000000018,1892,654979.0,买盘
09:58:40,3.46,-0.010000000000000231,169,58588.0,卖盘
09:58:43,3.47,0.010000000000000231,509,176599.0,买盘
09:58:50,3.47,0.0,424,147331.0,卖盘
09:58:53,3.48,0.009999999999999787,269,93602.0,买盘
09:58:56,3.48,0.0,91,31599.0,买盘
09:58:59,3.48,0.0,89,30972.0,买盘
09:59:02,3.48,0.0,351,122110.0,买盘
09:59:05,3.48,0.0,186,64728.0,卖盘
09:59:09,3.49,0.010000000000000231,311,108238.0,买盘
09:59:12,3.49,0.0,26,9053.0,买盘
09:59:15,3.49,0.0,64,22330.0,买盘
09:59:18,3.48,-0.010000000000000231,16,5569.0,卖盘
09:59:21,3.49,0.010000000000000231,115,40132.0,买盘
09:59:24,3.48,-0.010000000000000231,239,83379.0,卖盘
09:59:27,3.48,0.0,129,44897.0,卖盘
09:59:30,3.48,0.0,228,79395.0,卖盘
09:59:34,3.48,0.0,1121,390874.0,卖盘
09:59:37,3.48,0.0,10,3480.0,买盘
09:59:40,3.48,0.0,72,25056.0,买盘
09:59:43,3.49,0.010000000000000231,493,171614.0,买盘
09:59:47,3.48,-0.010000000000000231,281,97759.0,卖盘
09:59:50,3.49,0.010000000000000231,408,142134.0,买盘
09:59:53,3.48,-0.010000000000000231,41,14265.0,买盘
09:59:56,3.48,0.0,95,33060.0,买盘
09:59:59,3.48,0.0,48,16704.0,买盘
10:00:02,3.48,0.0,433,150684.0,买盘
10:00:06,3.48,0.0,427,148523.0,买盘
10:00:09,3.47,-0.009999999999999787,832,288768.0,卖盘
10:00:12,3.48,0.009999999999999787,315,109555.0,买盘
10:00:15,3.47,-0.009999999999999787,76,26454.0,中性盘
10:00:18,3.48,0.009999999999999787,43,14944.0,买盘
10:00:21,3.47,-0.009999999999999787,299,103751.0,卖盘
10:00:24,3.48,0.009999999999999787,30,10440.0,买盘
10:00:27,3.47,-0.009999999999999787,3,1043.0,卖盘
10:00:30,3.47,0.0,133,46245.0,卖盘
10:00:34,3.47,0.0,195,67755.0,卖盘
10:00:37,3.48,0.009999999999999787,204,70924.0,买盘
10:00:41,3.47,-0.009999999999999787,36,12492.0,卖盘
10:00:44,3.47,0.0,55,19090.0,卖盘
10:00:47,3.47,0.0,23,7981.0,买盘
10:00:50,3.47,0.0,142,49142.0,买盘
10:00:53,3.48,0.009999999999999787,138,47938.0,买盘
10:00:56,3.46,-0.020000000000000018,2792,971227.0,卖盘
10:01:00,3.47,0.010000000000000231,57,19833.0,中性盘
10:01:03,3.47,0.0,13,4511.0,卖盘
10:01:06,3.47,0.0,174,60382.0,卖盘
10:01:09,3.47,0.0,145,50339.0,卖盘
10:01:12,3.47,0.0,309,107228.0,卖盘
10:01:15,3.47,0.0,257,89309.0,卖盘
10:01:18,3.48,0.009999999999999787,1841,638803.0,买盘
10:01:21,3.47,-0.009999999999999787,384,133041.0,卖盘
10:01:24,3.47,0.0,50,17359.0,卖盘
10:01:28,3.47,0.0,793,275171.0,卖盘
10:01:31,3.47,0.0,5224,1824693.0,买盘
10:01:34,3.47,0.0,34,11812.169999986887,卖盘
10:01:38,3.48,0.009999999999999787,45,15616.0,中性盘
10:01:41,3.47,-0.009999999999999787,77,26719.0,卖盘
10:01:47,3.49,0.020000000000000018,81,28138.0,买盘
10:01:50,3.49,0.0,84,29311.0,买盘
10:01:53,3.51,0.019999999999999574,2133,747826.3400000036,买盘
10:01:57,3.5,-0.009999999999999787,135,47013.0,中性盘
10:02:00,3.49,-0.009999999999999787,106,36994.0,卖盘
10:02:02,3.51,0.019999999999999574,86,30203.17000001669,买盘
10:02:06,3.5,-0.009999999999999787,947,332396.0,卖盘
10:02:09,3.5,0.0,490,171890.0,卖盘
10:02:12,3.5,0.0,317,111131.0,卖盘
10:02:15,3.5,0.0,141,49449.0,卖盘
10:02:18,3.51,0.009999999999999787,11,3857.0,买盘
10:02:21,3.51,0.0,281,98627.0,买盘
10:02:25,3.51,0.0,95,33365.0,卖盘
10:02:28,3.51,0.0,134,47034.0,卖盘
10:02:31,3.51,0.0,58,20338.0,买盘
10:02:35,3.51,0.0,387,135533.0,买盘
10:02:38,3.51,0.0,71,24868.0,买盘
10:02:41,3.51,0.0,149,52288.0,买盘
10:02:44,3.52,0.010000000000000231,3351,1177409.0,买盘
10:02:47,3.5,-0.020000000000000018,587,205513.0,卖盘
10:02:50,3.51,0.009999999999999787,1249,437170.0,买盘
10:02:54,3.51,0.0,97,34048.0,中性盘
10:02:57,3.51,0.0,58,20358.0,卖盘
10:03:00,3.52,0.010000000000000231,248,87066.0,买盘
10:03:03,3.52,0.0,34,11946.0,买盘
10:03:06,3.52,0.0,456,160142.0,买盘
10:03:09,3.51,-0.010000000000000231,540,189470.0,卖盘
10:03:12,3.5,-0.009999999999999787,386,135275.0,卖盘
10:03:15,3.5,0.0,313,109578.0,卖盘
10:03:18,3.5,0.0,119,41650.0,买盘
10:03:22,3.49,-0.009999999999999787,143,49903.0,卖盘
10:03:25,3.49,0.0,50,17450.0,买盘
10:03:29,3.48,-0.010000000000000231,237,82566.0,卖盘
10:03:32,3.48,0.0,91,31668.0,卖盘
10:03:35,3.48,0.0,238,82826.0,卖盘
10:03:38,3.48,0.0,415,144420.0,卖盘
10:03:41,3.48,0.0,396,137808.0,买盘
10:03:48,3.48,0.0,186,64716.0,买盘
10:03:51,3.48,0.0,109,37913.0,买盘
10:03:54,3.48,0.0,315,109543.0,买盘
10:03:57,3.48,0.0,396,137492.0,买盘
10:04:00,3.48,0.0,95,33060.0,买盘
10:04:03,3.48,0.0,492,170833.0,买盘
10:04:06,3.48,0.0,776,270043.0,买盘
10:04:09,3.5,0.020000000000000018,251,87532.0,买盘
10:04:12,3.49,-0.009999999999999787,167,58283.0,卖盘
10:04:16,3.51,0.019999999999999574,5457,1914469.0,买盘
10:04:19,3.5,-0.009999999999999787,216,75801.0,中性盘
10:04:22,3.5,0.0,492,172200.0,卖盘
10:04:26,3.51,0.009999999999999787,1196,419779.0,买盘
10:04:29,3.51,0.0,394,138274.0,买盘
10:04:32,3.51,0.0,631,221481.0,买盘
10:04:35,3.51,0.0,212,74585.0,卖盘
10:04:38,3.51,0.0,111,39049.0,卖盘
10:04:41,3.51,0.0,296,104105.0,卖盘
10:04:45,3.51,0.0,161,56571.0,卖盘
10:04:48,3.52,0.010000000000000231,719,252946.0,买盘
10:04:51,3.52,0.0,129,45358.0,买盘
10:04:54,3.51,-0.010000000000000231,456,160391.0,卖盘
10:04:57,3.52,0.010000000000000231,142,49982.0,买盘
10:05:00,3.52,0.0,408,143274.0,买盘
10:05:03,3.52,0.0,1162,409516.1599999964,买盘
10:05:06,3.52,0.0,1709,599917.8400000036,卖盘
10:05:09,3.52,0.0,492,173476.15999999642,买盘
10:05:12,3.53,0.009999999999999787,116,40901.0,买盘
10:05:16,3.55,0.020000000000000018,5421,1919367.0,买盘
10:05:19,3.55,0.0,512,181686.0,买盘
10:05:23,3.56,0.010000000000000231,2777,987213.0,买盘
10:05:26,3.56,0.0,527,187503.0,买盘
10:05:29,3.55,-0.010000000000000231,1796,637550.0,卖盘
10:05:32,3.55,0.0,129,45739.0,买盘
10:05:35,3.58,0.03000000000000025,5329,1901298.0,买盘
10:05:39,3.55,-0.03000000000000025,287,101936.0,中性盘
10:05:42,3.57,0.020000000000000018,998,354711.0,买盘
10:05:45,3.56,-0.009999999999999787,212,75501.0,卖盘
10:05:48,3.56,0.0,311,110676.0,卖盘
10:05:51,3.56,0.0,782,277557.0,买盘
10:05:54,3.54,-0.020000000000000018,971,344660.0,卖盘
10:05:57,3.55,0.009999999999999787,299,105856.0,买盘
10:06:00,3.55,0.0,269,95313.0,买盘
10:06:03,3.55,0.0,809,287036.0,买盘
10:06:06,3.55,0.0,414,146920.0,买盘
10:06:10,3.55,0.0,369,130949.0,买盘
10:06:14,3.55,0.0,1501,533073.0,买盘
10:06:17,3.53,-0.020000000000000018,669,237204.0,卖盘
10:06:20,3.55,0.020000000000000018,251,89057.0,买盘
10:06:23,3.53,-0.020000000000000018,436,154657.0,卖盘
10:06:26,3.54,0.010000000000000231,4,1416.0,买盘
10:06:29,3.53,-0.010000000000000231,38,13449.0,卖盘
10:06:32,3.53,0.0,787,278237.0,卖盘
10:06:36,3.54,0.010000000000000231,996,351893.0,买盘
10:06:39,3.53,-0.010000000000000231,886,313462.0,卖盘
10:06:42,3.54,0.010000000000000231,266,94164.0,买盘
10:06:45,3.54,0.0,505,178392.0,卖盘
10:06:48,3.55,0.009999999999999787,3561,1262401.0,买盘
10:06:51,3.54,-0.009999999999999787,624,221064.0,买盘
10:06:54,3.55,0.009999999999999787,584,207269.0,买盘
10:06:57,3.55,0.0,645,229029.0,卖盘
10:07:00,3.54,-0.009999999999999787,952,337823.0,卖盘
10:07:03,3.55,0.009999999999999787,128,45349.0,买盘
10:07:07,3.54,-0.009999999999999787,252,89222.0,卖盘
10:07:10,3.54,0.0,541,191457.0,卖盘
10:07:14,3.54,0.0,2694,953672.0,买盘
10:07:17,3.54,0.0,592,209566.0,买盘
10:07:20,3.54,0.0,1258,446437.0,买盘
10:07:23,3.54,0.0,459,162874.0,卖盘
10:07:26,3.54,0.0,78,27636.0,卖盘
10:07:29,3.54,0.0,300,106235.0,卖盘
10:07:33,3.54,0.0,81,28697.0,卖盘
10:07:36,3.54,0.0,65,23010.0,卖盘
10:07:39,3.55,0.009999999999999787,129,45692.0,买盘
10:07:42,3.55,0.0,113,40089.0,买盘
10:07:45,3.54,-0.009999999999999787,73,25865.0,卖盘
10:07:48,3.54,0.0,1214,430512.0,卖盘
10:07:51,3.54,0.0,426,151140.0,卖盘
10:07:54,3.55,0.009999999999999787,296,105056.0,买盘
10:07:57,3.54,-0.009999999999999787,22,7788.0,卖盘
10:08:00,3.55,0.009999999999999787,185,65557.0,买盘
10:08:07,3.54,-0.009999999999999787,281,99534.0,卖盘
10:08:11,3.54,0.0,665,235701.0,卖盘
10:08:14,3.55,0.009999999999999787,1749,620838.0,买盘
10:08:17,3.55,0.0,1521,541241.0,买盘
10:08:20,3.55,0.0,765,271845.0,卖盘
10:08:24,3.56,0.010000000000000231,2054,731224.0,买盘
10:08:27,3.57,0.009999999999999787,477,170022.0,买盘
10:08:30,3.56,-0.009999999999999787,238,84646.0,卖盘
10:08:33,3.56,0.0,150,53360.0,买盘
10:08:36,3.56,0.0,226,80328.0,买盘
10:08:39,3.56,0.0,347,123520.0,买盘
10:08:42,3.55,-0.010000000000000231,50,17779.0,中性盘
10:08:45,3.55,0.0,83,29514.0,卖盘
10:08:48,3.56,0.010000000000000231,18,6408.0,买盘
10:08:51,3.55,-0.010000000000000231,138,49017.0,卖盘
10:08:55,3.56,0.010000000000000231,72,25623.0,买盘
10:08:58,3.56,0.0,149,53044.0,买盘
10:09:01,3.55,-0.010000000000000231,460,163736.0,卖盘
10:09:05,3.55,0.0,911,323405.0,卖盘
10:09:08,3.55,0.0,290,102950.0,买盘
10:09:11,3.54,-0.009999999999999787,1289,456434.0,卖盘
10:09:14,3.56,0.020000000000000018,701,248886.0,买盘
10:09:17,3.55,-0.010000000000000231,205,72885.0,卖盘
10:09:21,3.56,0.010000000000000231,1237,440332.0,买盘
10:09:24,3.54,-0.020000000000000018,947,336229.0,卖盘
10:09:27,3.56,0.020000000000000018,431,153013.0,买盘
10:09:30,3.55,-0.010000000000000231,197,69941.0,卖盘
10:09:33,3.55,0.0,93,33025.0,卖盘
10:09:36,3.55,0.0,325,115375.0,卖盘
10:09:39,3.55,0.0,1069,379491.0,卖盘
10:09:42,3.55,0.0,9,3196.0,买盘
10:09:45,3.55,0.0,112,39750.0,买盘
10:09:48,3.55,0.0,89,31524.0,买盘
10:09:52,3.54,-0.009999999999999787,953,337820.0,卖盘
10:09:55,3.54,0.0,208,73779.0,卖盘
10:09:58,3.55,0.009999999999999787,1640,582180.0,买盘
10:10:02,3.54,-0.009999999999999787,239,84672.0,卖盘
10:10:05,3.56,0.020000000000000018,5359,1906790.0,买盘
10:10:08,3.55,-0.010000000000000231,168,59701.0,卖盘
10:10:11,3.55,0.0,195,69225.0,卖盘
10:10:14,3.59,0.040000000000000036,18649,6672773.0,买盘
10:10:18,3.59,0.0,809,290129.0,买盘
10:10:21,3.59,0.0,8057,2893490.0,买盘
10:10:24,3.59,0.0,146,52514.0,卖盘
10:10:27,3.59,0.0,784,281456.0,卖盘
10:10:30,3.6,0.010000000000000231,1597,573637.0,买盘
10:10:33,3.59,-0.010000000000000231,241,86546.0,卖盘
10:10:36,3.6,0.010000000000000231,17187,6186593.0,买盘
10:10:39,3.62,0.020000000000000018,12362,4458359.199999988,买盘
10:10:42,3.63,0.009999999999999787,3492,1262889.0,买盘
10:10:45,3.62,-0.009999999999999787,992,359301.0,卖盘
10:10:49,3.64,0.020000000000000018,5616,2040993.0,买盘
10:10:52,3.65,0.009999999999999787,635,231735.0,买盘
10:10:55,3.65,0.0,13815,5052224.0,买盘
10:10:59,3.66,0.010000000000000231,551,201623.0,中性盘
10:11:02,3.67,0.009999999999999787,1101,404696.0,卖盘
10:11:05,3.68,0.010000000000000231,11538,4261570.0,买盘
10:11:08,3.72,0.040000000000000036,631,232684.0,买盘
10:11:11,3.69,-0.03000000000000025,2955,1088321.0,卖盘
10:11:15,3.72,0.03000000000000025,4204,1558023.0,买盘
10:11:18,3.72,0.0,2418,898319.0,买盘
10:11:21,3.7,-0.020000000000000018,2337,864863.0,卖盘
10:11:24,3.7,0.0,3062,1132040.0,买盘
10:11:27,3.7,0.0,11718,4381653.0,买盘
10:11:30,3.75,0.04999999999999982,3777,1409847.0,买盘
10:11:33,3.77,0.020000000000000018,3309,1240375.0000000298,买盘
10:11:36,3.76,-0.010000000000000231,3013,1135151.0,卖盘
10:11:39,3.78,0.020000000000000018,2995,1128962.0,买盘
10:11:43,3.76,-0.020000000000000018,6517,2461503.0,卖盘
10:11:46,3.76,0.0,3387,1277849.0,买盘
10:11:49,3.78,0.020000000000000018,2234,844346.0,买盘
10:11:53,3.79,0.010000000000000231,3840,1450754.0,买盘
10:11:56,3.79,0.0,5275,1999887.0,买盘
10:11:59,3.8,0.009999999999999787,17228,6545506.0,买盘
10:12:02,3.81,0.010000000000000231,4562,1734053.0,买盘
10:12:05,3.8,-0.010000000000000231,4631,1763034.0,卖盘
10:12:08,3.81,0.010000000000000231,5680,2163325.0,买盘
10:12:12,3.81,0.0,10718,4091657.0,卖盘
10:12:15,3.82,0.009999999999999787,13905,5307766.539999962,买盘
10:12:18,3.82,0.0,12467,4755509.660000026,买盘
10:12:21,3.82,0.0,6407,2445176.0,买盘
10:12:24,3.82,0.0,15304,5840515.0,买盘
10:12:27,3.81,-0.009999999999999787,8025,3049341.6599999666,中性盘
10:12:30,3.8,-0.010000000000000231,2772,1055666.0,卖盘
10:12:33,3.81,0.010000000000000231,4760,1811591.0,买盘
10:12:36,3.79,-0.020000000000000018,4194,1597754.0,卖盘
10:12:40,3.79,0.0,2505,954346.0,卖盘
10:12:43,3.79,0.0,2185,828676.3200000525,卖盘
10:12:47,3.8,0.009999999999999787,2610,990157.0,买盘
10:12:50,3.8,0.0,5291,2010776.0,买盘
10:12:53,3.8,0.0,3155,1198904.0,卖盘
10:12:56,3.8,0.0,4144,1575089.0,卖盘
10:12:59,3.8,0.0,5317,2020203.0,卖盘
10:13:02,3.79,-0.009999999999999787,2013,765333.0,卖盘
10:13:06,3.8,0.009999999999999787,886,336131.0,买盘
10:13:09,3.79,-0.009999999999999787,1812,687116.0,卖盘
10:13:12,3.79,0.0,3858,1461455.0,买盘
10:13:15,3.77,-0.020000000000000018,1639,619773.8199999928,卖盘
10:13:18,3.76,-0.010000000000000231,1231,463321.0,卖盘
10:13:21,3.73,-0.029999999999999805,3784,1420324.0,卖盘
10:13:24,3.73,0.0,1594,594475.0,卖盘
10:13:27,3.72,-0.009999999999999787,1529,569726.0,卖盘
10:13:30,3.73,0.009999999999999787,1024,381214.0,买盘
10:13:33,3.73,0.0,4895,1822247.0,买盘
10:13:37,3.72,-0.009999999999999787,1586,590789.0,卖盘
10:13:40,3.72,0.0,1341,498959.0,买盘
10:13:44,3.7,-0.020000000000000018,1622,601790.0,卖盘
10:13:47,3.71,0.009999999999999787,589,218470.0,买盘
10:13:50,3.7,-0.009999999999999787,1962,726287.0,卖盘
10:13:53,3.7,0.0,812,300689.0,买盘
10:13:56,3.69,-0.010000000000000231,1637,604057.1200000048,卖盘
10:13:59,3.67,-0.020000000000000018,936,344727.87999999523,卖盘
10:14:02,3.68,0.010000000000000231,347,127667.0,买盘
10:14:06,3.68,0.0,3214,1180436.0,买盘
10:14:09,3.68,0.0,5117,1884663.3199999928,买盘
10:14:12,3.7,0.020000000000000018,3635,1341373.0,买盘
10:14:15,3.7,0.0,3109,1148096.0,买盘
10:14:18,3.72,0.020000000000000018,6335,2341002.0,买盘
10:14:21,3.71,-0.010000000000000231,292,108503.0,卖盘
10:14:24,3.72,0.010000000000000231,1519,565097.0,买盘
10:14:27,3.73,0.009999999999999787,727,270657.0,买盘
10:14:31,3.75,0.020000000000000018,1650,616421.0,买盘
10:14:34,3.74,-0.009999999999999787,456,170586.0,卖盘
10:14:37,3.75,0.009999999999999787,2788,1049198.0,买盘
10:14:41,3.78,0.029999999999999805,1583,595502.0,买盘
10:14:44,3.78,0.0,1083,408077.0,买盘
10:14:47,3.78,0.0,1668,629672.0,买盘
10:14:50,3.78,0.0,807,305082.0,买盘
10:14:53,3.78,0.0,587,221992.0,卖盘
10:14:56,3.79,0.010000000000000231,1768,668863.0,买盘
10:15:00,3.78,-0.010000000000000231,2296,869364.0,卖盘
10:15:03,3.79,0.010000000000000231,6349,2408706.0,买盘
10:15:06,3.79,0.0,1279,484761.0,卖盘
10:15:09,3.79,0.0,12523,4756538.0,卖盘
10:15:12,3.8,0.009999999999999787,2552,968590.0,买盘
10:15:15,3.79,-0.009999999999999787,4213,1596294.0,卖盘
10:15:18,3.76,-0.03000000000000025,1920,726033.0,卖盘
10:15:21,3.78,0.020000000000000018,512,193099.0,买盘
10:15:24,3.75,-0.029999999999999805,618,233186.0,卖盘
10:15:28,3.76,0.009999999999999787,1810,679842.0,买盘
10:15:31,3.76,0.0,757,284179.0,买盘
10:15:34,3.74,-0.019999999999999574,130,48654.0,卖盘
10:15:38,3.74,0.0,826,309294.0,卖盘
10:15:41,3.75,0.009999999999999787,1015,379575.0,买盘
10:15:44,3.74,-0.009999999999999787,461,172533.0,卖盘
10:15:47,3.74,0.0,854,319123.0,买盘
10:15:50,3.72,-0.020000000000000018,752,281223.0,卖盘
10:15:53,3.73,0.009999999999999787,351,130764.0,买盘
10:15:57,3.72,-0.009999999999999787,532,198676.0,卖盘
10:16:00,3.72,0.0,1797,668664.0,卖盘
10:16:03,3.72,0.0,590,219292.0,买盘
10:16:06,3.71,-0.010000000000000231,514,191039.0,卖盘
10:16:09,3.72,0.010000000000000231,2786,1036236.0,买盘
10:16:12,3.72,0.0,1233,458366.0,买盘
10:16:15,3.72,0.0,656,244289.0,卖盘
10:16:18,3.73,0.009999999999999787,1515,563437.1399999857,买盘
10:16:21,3.73,0.0,368,137038.0,买盘
10:16:25,3.73,0.0,443,165050.0,买盘
10:16:28,3.75,0.020000000000000018,608,226774.0,买盘
10:16:31,3.75,0.0,722,269888.0,买盘
10:16:35,3.73,-0.020000000000000018,224,83797.0,卖盘
10:16:38,3.75,0.020000000000000018,1052,392747.0,买盘
10:16:41,3.75,0.0,297,111078.0,买盘
10:16:44,3.74,-0.009999999999999787,202,75586.0,卖盘
10:16:47,3.74,0.0,463,173130.0,卖盘
10:16:50,3.75,0.009999999999999787,321,120104.0,买盘
10:16:54,3.74,-0.009999999999999787,1157,431763.0,中性盘
10:16:57,3.73,-0.010000000000000231,1761,657727.0,卖盘
10:17:00,3.74,0.010000000000000231,760,283866.0,买盘
10:17:02,3.73,-0.010000000000000231,541,202182.0,卖盘
10:17:06,3.73,0.0,842,314302.0,卖盘
10:17:09,3.73,0.0,1015,378388.0,买盘
10:17:12,3.73,0.0,243,90642.0,卖盘
10:17:15,3.73,0.0,426,158830.0,卖盘
10:17:18,3.72,-0.009999999999999787,334,124396.0,卖盘
10:17:22,3.72,0.0,951,354295.0,卖盘
10:17:25,3.7,-0.020000000000000018,10187,3776004.8600000143,卖盘
10:17:28,3.72,0.020000000000000018,362,134376.31999999285,买盘
10:17:32,3.7,-0.020000000000000018,278,102991.0,卖盘
10:17:35,3.72,0.020000000000000018,685,254593.0,买盘
10:17:38,3.7,-0.020000000000000018,270,99905.0,卖盘
10:17:41,3.69,-0.010000000000000231,2615,965616.0,卖盘
10:17:44,3.69,0.0,105,38745.0,买盘
10:17:47,3.69,0.0,624,229779.0,买盘
10:17:51,3.68,-0.009999999999999787,1200,441708.0,卖盘
10:17:54,3.67,-0.010000000000000231,658,242064.0,卖盘
10:17:57,3.67,0.0,350,128513.0,卖盘
10:18:00,3.67,0.0,1209,443789.0,卖盘
10:18:03,3.67,0.0,727,266809.0,卖盘
10:18:06,3.66,-0.009999999999999787,161,59082.0,卖盘
10:18:09,3.66,0.0,1725,631534.0,卖盘
10:18:12,3.67,0.009999999999999787,881,322904.0,买盘
10:18:15,3.67,0.0,497,182079.0,买盘
10:18:18,3.67,0.0,843,310056.0,买盘
10:18:22,3.66,-0.009999999999999787,274,100496.0,卖盘
10:18:25,3.67,0.009999999999999787,772,283328.0,卖盘
10:18:28,3.67,0.0,605,221982.0,买盘
10:18:32,3.68,0.010000000000000231,179,65825.0,买盘
10:18:35,3.68,0.0,658,242524.0,买盘
10:18:38,3.69,0.009999999999999787,601,220944.0,买盘
10:18:41,3.69,0.0,682,251400.0,买盘
10:18:44,3.68,-0.009999999999999787,530,195412.0,卖盘
10:18:47,3.69,0.009999999999999787,402,147960.0,买盘
10:18:51,3.69,0.0,137,50355.0,买盘
10:18:54,3.69,0.0,327,120492.0,买盘
10:18:57,3.69,0.0,226,83401.0,买盘
10:19:00,3.69,0.0,323,119187.0,卖盘
10:19:03,3.7,0.010000000000000231,22,8137.0,买盘
10:19:06,3.7,0.0,1524,563228.0,买盘
10:19:09,3.7,0.0,437,161610.0,卖盘
10:19:12,3.7,0.0,425,157505.0,买盘
10:19:15,3.71,0.009999999999999787,485,179582.0,中性盘
10:19:19,3.71,0.0,167,61928.0,卖盘
10:19:22,3.71,0.0,765,283466.0,买盘
10:19:25,3.71,0.0,1205,446344.0,买盘
10:19:29,3.72,0.010000000000000231,1887,701805.4800000191,买盘
10:19:32,3.72,0.0,96,35712.0,卖盘
10:19:35,3.72,0.0,121,45031.0,卖盘
10:19:38,3.73,0.009999999999999787,503,187268.0,买盘
10:19:41,3.73,0.0,109,40642.0,买盘
10:19:44,3.74,0.010000000000000231,407,151831.0,买盘
10:19:48,3.73,-0.010000000000000231,266,99424.0,卖盘
10:19:51,3.74,0.010000000000000231,579,216067.0,买盘
10:19:54,3.74,0.0,1342,501906.0,买盘
10:19:57,3.74,0.0,1274,476363.0,买盘
10:20:00,3.74,0.0,513,192062.0,卖盘
10:20:03,3.74,0.0,241,90245.0,卖盘
10:20:06,3.75,0.009999999999999787,1255,470031.0,买盘
10:20:09,3.75,0.0,452,169314.0,买盘
10:20:12,3.75,0.0,1695,635322.0,买盘
10:20:16,3.74,-0.009999999999999787,738,276185.0,卖盘
10:20:19,3.73,-0.010000000000000231,248,92646.0,卖盘
10:20:23,3.74,0.010000000000000231,252,94115.0,买盘
10:20:26,3.74,0.0,649,242227.0,买盘
10:20:29,3.73,-0.010000000000000231,141,52600.0,卖盘
10:20:32,3.73,0.0,68,25348.0,买盘
10:20:35,3.72,-0.009999999999999787,1044,388624.5199999809,卖盘
10:20:42,3.72,0.0,367,136195.0,买盘
10:20:45,3.72,0.0,242,89980.0,买盘
10:20:48,3.71,-0.010000000000000231,216,80151.0,卖盘
10:20:51,3.7,-0.009999999999999787,1433,530443.0,卖盘
10:20:54,3.71,0.009999999999999787,77,28517.0,买盘
10:20:57,3.7,-0.009999999999999787,153,56635.0,中性盘
10:21:00,3.7,0.0,585,216395.0,卖盘
10:21:03,3.7,0.0,561,207558.0,买盘
10:21:06,3.7,0.0,3806,1412279.4599999785,买盘
10:21:10,3.7,0.0,710,262345.0,卖盘
10:21:13,3.7,0.0,51,18874.0,中性盘
10:21:16,3.71,0.009999999999999787,1465,541455.0,买盘
10:21:20,3.7,-0.009999999999999787,2484,922826.0,卖盘
10:21:23,3.7,0.0,258,95540.0,卖盘
10:21:26,3.71,0.009999999999999787,206,76261.0,买盘
10:21:29,3.74,0.03000000000000025,3328,1242255.0,买盘
10:21:32,3.71,-0.03000000000000025,95,35245.0,卖盘
10:21:35,3.71,0.0,60,22260.0,卖盘
10:21:39,3.72,0.010000000000000231,464,172428.0,买盘
10:21:42,3.72,0.0,3271,1225512.0,卖盘
10:21:45,3.73,0.009999999999999787,136,50598.0,买盘
10:21:48,3.73,0.0,10,3726.0,买盘
10:21:51,3.72,-0.009999999999999787,2061,767003.0,卖盘
10:21:54,3.72,0.0,153,56898.0,买盘
10:21:57,3.72,0.0,312,116064.0,买盘
10:22:00,3.71,-0.010000000000000231,694,258012.0,卖盘
10:22:03,3.72,0.010000000000000231,123,45707.0,买盘
10:22:06,3.72,0.0,225,83594.0,买盘
10:22:10,3.72,0.0,410,152500.0,买盘
10:22:13,3.73,0.009999999999999787,176,65475.0,买盘
10:22:17,3.73,0.0,151,56201.0,买盘
10:22:20,3.73,0.0,112,41755.0,买盘
10:22:23,3.72,-0.009999999999999787,309,115085.0,卖盘
10:22:26,3.72,0.0,572,213044.0,卖盘
10:22:29,3.73,0.009999999999999787,749,279328.0,买盘
10:22:33,3.73,0.0,397,148048.0,买盘
10:22:36,3.73,0.0,762,284226.0,买盘
10:22:39,3.72,-0.009999999999999787,383,142856.0,卖盘
10:22:42,3.74,0.020000000000000018,366,136610.0,买盘
10:22:45,3.73,-0.010000000000000231,216,80568.0,中性盘
10:22:48,3.72,-0.009999999999999787,467,174394.0,卖盘
10:22:51,3.74,0.020000000000000018,67,25039.0,买盘
10:22:54,3.73,-0.010000000000000231,74,27602.0,卖盘
10:22:57,3.73,0.0,941,350854.0,卖盘
10:23:01,3.73,0.0,442,165077.0,买盘
10:23:04,3.73,0.0,120,44755.0,买盘
10:23:07,3.73,0.0,609,226817.0,买盘
10:23:11,3.73,0.0,259,96569.0,买盘
10:23:14,3.73,0.0,522,194706.0,卖盘
10:23:17,3.72,-0.009999999999999787,138,51444.0,卖盘
10:23:20,3.73,0.009999999999999787,59,21989.0,买盘
10:23:23,3.72,-0.009999999999999787,137,51011.0,卖盘
10:23:26,3.72,0.0,587,218382.0,卖盘
10:23:30,3.72,0.0,344,128050.0,卖盘
10:23:33,3.72,0.0,81,30132.0,买盘
10:23:36,3.71,-0.010000000000000231,59,21939.0,卖盘
10:23:39,3.71,0.0,206,76452.0,卖盘
10:23:42,3.72,0.010000000000000231,68,25295.0,买盘
10:23:45,3.72,0.0,493,183154.0,买盘
10:23:48,3.72,0.0,1231,457566.0,买盘
10:23:51,3.71,-0.010000000000000231,100,37105.0,卖盘
10:23:54,3.71,0.0,412,152882.0,卖盘
10:23:58,3.71,0.0,228,84604.0,卖盘
10:24:01,3.71,0.0,179,66409.0,卖盘
10:24:04,3.71,0.0,145,53918.0,卖盘
10:24:08,3.71,0.0,262,97171.0,卖盘
10:24:11,3.71,0.0,3,1113.0,买盘
10:24:14,3.7,-0.009999999999999787,96,35536.0,卖盘
10:24:17,3.7,0.0,172,63682.0,卖盘
10:24:20,3.7,0.0,128,47362.0,卖盘
10:24:23,3.71,0.009999999999999787,458,169680.0,买盘
10:24:27,3.7,-0.009999999999999787,298,110262.0,卖盘
10:24:30,3.7,0.0,544,201312.0,卖盘
10:24:33,3.7,0.0,736,272746.0,卖盘
10:24:36,3.7,0.0,69,25529.0,买盘
10:24:39,3.69,-0.010000000000000231,100,36900.0,卖盘
10:24:42,3.7,0.010000000000000231,933,344916.0,买盘
10:24:45,3.69,-0.010000000000000231,284,105002.0,卖盘
10:24:48,3.69,0.0,741,273673.54000002146,卖盘
10:24:51,3.69,0.0,113,41695.0,买盘
10:24:55,3.69,0.0,144,53126.0,买盘
10:24:58,3.68,-0.009999999999999787,1882,692607.0,卖盘
10:25:01,3.68,0.0,256,94206.0,买盘
10:25:05,3.69,0.009999999999999787,67,24682.0,买盘
10:25:08,3.67,-0.020000000000000018,426,156419.0,卖盘
10:25:11,3.68,0.010000000000000231,183,67354.0,买盘
10:25:14,3.68,0.0,70,25760.0,卖盘
10:25:17,3.68,0.0,275,101310.0,卖盘
10:25:20,3.68,0.0,356,131041.0,卖盘
10:25:24,3.69,0.009999999999999787,572,211193.45999997854,买盘
10:25:27,3.69,0.0,135,49815.0,卖盘
10:25:30,3.69,0.0,135,49815.0,卖盘
10:25:33,3.7,0.010000000000000231,87,32177.0,买盘
10:25:36,3.68,-0.020000000000000018,424,156456.66000002623,卖盘
10:25:39,3.69,0.009999999999999787,63,23247.0,中性盘
10:25:42,3.69,0.0,104,38372.0,买盘
10:25:45,3.7,0.010000000000000231,712,262415.0,买盘
10:25:49,3.69,-0.010000000000000231,88,32472.0,买盘
10:25:52,3.69,0.0,180,66403.0,买盘
10:25:55,3.69,0.0,303,111794.0,买盘
10:25:58,3.69,0.0,106,39209.0,卖盘
10:26:02,3.68,-0.009999999999999787,1849,680728.8799999952,卖盘
10:26:05,3.69,0.009999999999999787,746,275019.31999999285,买盘
10:26:08,3.68,-0.009999999999999787,50,18441.0,卖盘
10:26:11,3.69,0.009999999999999787,9,3321.0,买盘
10:26:14,3.69,0.0,146,53869.0,买盘
10:26:18,3.69,0.0,2,738.0,买盘
10:26:21,3.69,0.0,665,244779.0,买盘
10:26:24,3.68,-0.009999999999999787,215,79311.0,卖盘
10:26:27,3.69,0.009999999999999787,164,60389.0,买盘
10:26:30,3.69,0.0,92,33909.0,买盘
10:26:33,3.69,0.0,1280,472339.0,买盘
10:26:36,3.68,-0.009999999999999787,121,44533.0,卖盘
10:26:39,3.69,0.009999999999999787,168,61921.0,买盘
10:26:42,3.69,0.0,2179,806107.6600000262,买盘
10:26:46,3.69,0.0,163,60147.0,卖盘
10:26:49,3.7,0.010000000000000231,2082,773506.6599999666,买盘
10:26:52,3.7,0.0,3,1110.0,卖盘
10:26:56,3.7,0.0,1757,654076.6600000262,卖盘
10:26:59,3.7,0.0,205,75850.0,买盘
10:27:02,3.7,0.0,64,23679.0,买盘
10:27:05,3.69,-0.010000000000000231,251,92710.0,卖盘
10:27:08,3.7,0.010000000000000231,184,68026.0,买盘
10:27:11,3.7,0.0,91,33601.0,买盘
10:27:15,3.69,-0.010000000000000231,120,44307.0,卖盘
10:27:18,3.7,0.010000000000000231,294,108771.0,买盘
10:27:21,3.7,0.0,85,31410.0,买盘
10:27:24,3.69,-0.010000000000000231,193,71373.0,卖盘
10:27:27,3.7,0.010000000000000231,713,263308.0,买盘
10:27:30,3.7,0.0,374,138219.0,买盘
10:27:33,3.7,0.0,419,155020.0,买盘
10:27:36,3.7,0.0,78,28860.0,卖盘
10:27:39,3.7,0.0,201,74369.0,卖盘
10:27:43,3.69,-0.010000000000000231,140,51760.0,卖盘
10:27:46,3.7,0.010000000000000231,256,94620.0,买盘
10:27:49,3.69,-0.010000000000000231,205,75645.0,卖盘
10:27:53,3.69,0.0,242,89298.0,卖盘
10:27:56,3.7,0.010000000000000231,21,7766.0,买盘
10:27:59,3.69,-0.010000000000000231,511,188590.0,卖盘
10:28:02,3.69,0.0,14,5169.0,卖盘
10:28:05,3.69,0.0,395,145783.0,卖盘
10:28:08,3.7,0.010000000000000231,103,38020.0,买盘
10:28:12,3.69,-0.010000000000000231,1048,386712.0,卖盘
10:28:15,3.69,0.0,521,192259.0,卖盘
10:28:18,3.68,-0.009999999999999787,1181,436788.0,卖盘
10:28:21,3.69,0.009999999999999787,36,13284.0,买盘
10:28:24,3.69,0.0,1210,447568.0,买盘
10:28:27,3.68,-0.009999999999999787,549,202334.0,卖盘
10:28:30,3.69,0.009999999999999787,783,289527.0,买盘
10:28:33,3.69,0.0,154,56926.0,卖盘
10:28:36,3.69,0.0,56,20645.0,买盘
10:28:40,3.69,0.0,478,175987.0,买盘
10:28:43,3.69,0.0,395,145698.0,买盘
10:28:46,3.69,0.0,55,20295.0,买盘
10:28:50,3.69,0.0,183,67420.0,买盘
10:28:53,3.68,-0.009999999999999787,128,47212.0,卖盘
10:28:56,3.69,0.009999999999999787,69,25414.0,买盘
10:28:59,3.68,-0.009999999999999787,355,130655.0,卖盘
10:29:02,3.69,0.009999999999999787,197,72692.0,买盘
10:29:05,3.68,-0.009999999999999787,127,46752.0,卖盘
10:29:09,3.69,0.009999999999999787,8,2952.0,买盘
10:29:12,3.68,-0.009999999999999787,302,111139.0,卖盘
10:29:15,3.68,0.0,75,27628.0,卖盘
10:29:18,3.68,0.0,176,64841.0,卖盘
10:29:21,3.68,0.0,239,88037.0,卖盘
10:29:24,3.68,0.0,1179,433997.0,卖盘
10:29:27,3.68,0.0,394,144959.0,买盘
10:29:30,3.68,0.0,139,51149.0,买盘
10:29:33,3.68,0.0,745,274160.0,买盘
10:29:37,3.68,0.0,317,116656.0,卖盘
10:29:43,3.69,0.009999999999999787,165,60824.0,买盘
10:29:47,3.68,-0.009999999999999787,111,40859.0,卖盘
10:29:50,3.69,0.009999999999999787,188,69285.0,买盘
10:29:53,3.68,-0.009999999999999787,218,80424.0,卖盘
10:29:56,3.68,0.0,92,33856.0,卖盘
10:29:59,3.68,0.0,53,19536.0,卖盘
10:30:02,3.68,0.0,66,24319.0,卖盘
10:30:06,3.68,0.0,139,51266.0,卖盘
10:30:09,3.69,0.009999999999999787,38,14006.0,买盘
10:30:12,3.69,0.0,1603,591472.0,买盘
10:30:15,3.69,0.0,130,47970.0,卖盘
10:30:18,3.69,0.0,74,27322.0,卖盘
10:30:21,3.69,0.0,282,104096.0,卖盘
10:30:24,3.7,0.010000000000000231,87,32147.0,买盘
10:30:27,3.69,-0.010000000000000231,36,13287.0,卖盘
10:30:30,3.69,0.0,16,5917.0,卖盘
10:30:34,3.7,0.010000000000000231,1297,479860.0,买盘
10:30:37,3.7,0.0,168,62155.0,买盘
10:30:40,3.69,-0.010000000000000231,145,53625.0,卖盘
10:30:44,3.7,0.010000000000000231,84,31080.0,买盘
10:30:47,3.69,-0.010000000000000231,151,55722.0,卖盘
10:30:50,3.7,0.010000000000000231,331,122368.0,买盘
10:30:53,3.69,-0.010000000000000231,561,207501.0,卖盘
10:30:56,3.69,0.0,780,288567.0,卖盘
10:30:59,3.7,0.010000000000000231,513,189831.0,买盘
10:31:03,3.7,0.0,45,16650.0,卖盘
10:31:06,3.7,0.0,1,370.0,卖盘
10:31:09,3.69,-0.010000000000000231,529,195723.0,卖盘
10:31:12,3.7,0.010000000000000231,609,225347.0,买盘
10:31:15,3.7,0.0,120,44400.0,买盘
10:31:18,3.7,0.0,332,122827.0,买盘
10:31:21,3.69,-0.010000000000000231,718,265659.0,卖盘
10:31:24,3.7,0.010000000000000231,533,197210.0,买盘
10:31:28,3.7,0.0,101,37370.0,卖盘
10:31:31,3.7,0.0,187,69190.0,卖盘
10:31:34,3.7,0.0,272,100630.0,买盘
10:31:38,3.7,0.0,53,19610.0,买盘
10:31:41,3.7,0.0,104,38470.0,买盘
10:31:44,3.69,-0.010000000000000231,74,27379.0,卖盘
10:31:47,3.7,0.010000000000000231,79,29190.0,买盘
10:31:50,3.69,-0.010000000000000231,37,13660.0,卖盘
10:31:53,3.69,0.0,3,1108.0,卖盘
10:31:56,3.69,0.0,145,53639.0,卖盘
10:32:00,3.69,0.0,225,83035.0,卖盘
10:32:02,3.7,0.010000000000000231,61,22516.0,买盘
10:32:06,3.69,-0.010000000000000231,5,1849.0,卖盘
10:32:09,3.7,0.010000000000000231,75,27750.0,买盘
10:32:12,3.7,0.0,654,241834.0,买盘
10:32:15,3.7,0.0,253,93399.0,买盘
10:32:18,3.7,0.0,22,8138.0,买盘
10:32:22,3.7,0.0,332,122838.0,买盘
10:32:25,3.69,-0.010000000000000231,438,161960.0,卖盘
10:32:29,3.7,0.010000000000000231,329,121991.0,买盘
10:32:32,3.7,0.0,130,48100.0,卖盘
10:32:35,3.7,0.0,267,98795.0,卖盘
10:32:38,3.7,0.0,533,197428.0,卖盘
10:32:41,3.7,0.0,514,190180.0,卖盘
10:32:44,3.7,0.0,32,11840.0,买盘
10:32:48,3.7,0.0,73,27010.0,买盘
10:32:51,3.69,-0.010000000000000231,41,15169.0,卖盘
10:32:54,3.7,0.010000000000000231,29,10724.0,买盘
10:32:57,3.69,-0.010000000000000231,729,269448.0,卖盘
10:33:00,3.7,0.010000000000000231,60,22174.0,买盘
10:33:03,3.7,0.0,82,30284.0,买盘
10:33:06,3.69,-0.010000000000000231,3056,1128013.0,卖盘
10:33:09,3.7,0.010000000000000231,93,34383.0,买盘
10:33:12,3.69,-0.010000000000000231,707,260914.0,卖盘
10:33:16,3.68,-0.009999999999999787,125,46115.0,卖盘
10:33:19,3.69,0.009999999999999787,101,37267.0,买盘
10:33:22,3.69,0.0,10,3688.0,买盘
10:33:26,3.69,0.0,370,136530.0,买盘
10:33:29,3.69,0.0,826,304653.0,买盘
10:33:32,3.69,0.0,52,19167.0,买盘
10:33:35,3.69,0.0,174,64076.0,买盘
10:33:38,3.69,0.0,921,339849.0,买盘
10:33:41,3.69,0.0,87,32103.0,卖盘
10:33:45,3.69,0.0,12,4428.0,卖盘
10:33:48,3.69,0.0,126,46495.0,卖盘
10:33:51,3.69,0.0,14,5166.0,卖盘
10:33:54,3.68,-0.009999999999999787,63,23196.0,卖盘
10:33:57,3.69,0.009999999999999787,218,80642.0,卖盘
10:34:00,3.68,-0.009999999999999787,547,201829.0,卖盘
10:34:03,3.69,0.009999999999999787,96,35382.0,买盘
10:34:06,3.68,-0.009999999999999787,173,63785.0,卖盘
10:34:09,3.68,0.0,398,146485.0,卖盘
10:34:13,3.68,0.0,60,22138.0,卖盘
10:34:16,3.69,0.009999999999999787,1353,499257.0,买盘
10:34:19,3.68,-0.009999999999999787,184,67887.0,卖盘
10:34:23,3.69,0.009999999999999787,1197,440662.0,买盘
10:34:26,3.68,-0.009999999999999787,376,138368.0,卖盘
10:34:29,3.69,0.009999999999999787,59,21740.0,买盘
10:34:32,3.68,-0.009999999999999787,142,52289.0,卖盘
10:34:35,3.69,0.009999999999999787,408,150187.0,买盘
10:34:39,3.69,0.0,84,30917.0,买盘
10:34:42,3.69,0.0,220,81180.0,买盘
10:34:45,3.69,0.0,102,37638.0,买盘
10:34:48,3.69,0.0,59,21758.0,买盘
10:34:51,3.69,0.0,2,738.0,买盘
10:34:54,3.68,-0.009999999999999787,269,99128.0,卖盘
10:34:57,3.69,0.009999999999999787,1,369.0,买盘
10:35:00,3.68,-0.009999999999999787,248,91266.0,卖盘
10:35:07,3.68,0.0,60,22080.0,卖盘
10:35:10,3.69,0.009999999999999787,63,23200.0,买盘
10:35:13,3.68,-0.009999999999999787,218,80232.0,卖盘
10:35:16,3.68,0.0,46,16943.0,卖盘
10:35:20,3.68,0.0,266,97906.0,卖盘
10:35:23,3.69,0.009999999999999787,217,79862.0,买盘
10:35:26,3.68,-0.009999999999999787,217,79982.12000000477,卖盘
10:35:29,3.69,0.009999999999999787,184,67738.0,买盘
10:35:32,3.68,-0.009999999999999787,375,138140.0,卖盘
10:35:35,3.68,0.0,77,28336.0,卖盘
10:35:39,3.68,0.0,117,43067.0,卖盘
10:35:42,3.68,0.0,42,15456.0,卖盘
10:35:45,3.68,0.0,478,175904.0,卖盘
10:35:48,3.68,0.0,1080,397441.0,卖盘
10:35:51,3.68,0.0,22,8096.0,买盘
10:35:54,3.68,0.0,165,60715.0,买盘
10:35:57,3.68,0.0,31,11379.0,买盘
10:36:00,3.67,-0.010000000000000231,12,4409.0,卖盘
10:36:03,3.67,0.0,297,109000.0,卖盘
10:36:07,3.68,0.010000000000000231,29,10647.0,买盘
10:36:10,3.67,-0.010000000000000231,530,194510.0,卖盘
10:36:14,3.67,0.0,83,30466.0,卖盘
10:36:17,3.68,0.010000000000000231,274,100581.0,买盘
10:36:20,3.68,0.0,735,269796.0,买盘
10:36:23,3.66,-0.020000000000000018,657,240767.0,卖盘
10:36:26,3.67,0.009999999999999787,62,22755.0,中性盘
10:36:29,3.66,-0.009999999999999787,36,13177.0,卖盘
10:36:32,3.66,0.0,15,5494.0,卖盘
10:36:36,3.66,0.0,78,28598.0,卖盘
10:36:39,3.66,0.0,608,222655.0,卖盘
10:36:42,3.67,0.009999999999999787,475,173851.0,买盘
10:36:45,3.66,-0.009999999999999787,462,169147.0,卖盘
10:36:48,3.66,0.0,918,336015.0,卖盘
10:36:51,3.66,0.0,299,109464.0,卖盘
10:36:54,3.66,0.0,207,75706.0,卖盘
10:36:57,3.66,0.0,28,10248.0,买盘
10:37:01,3.65,-0.010000000000000231,85,31042.0,卖盘
10:37:04,3.65,0.0,168,61425.0,卖盘
10:37:07,3.65,0.0,132,48190.0,卖盘
10:37:11,3.65,0.0,34,12415.0,卖盘
10:37:14,3.65,0.0,255,93087.0,卖盘
10:37:17,3.65,0.0,642,234360.0,卖盘
10:37:20,3.65,0.0,2429,886586.0,卖盘
10:37:24,3.65,0.0,555,202434.0,卖盘
10:37:27,3.65,0.0,150,54712.0,买盘
10:37:30,3.65,0.0,97,35334.0,买盘
10:37:33,3.64,-0.009999999999999787,545,198442.0,卖盘
10:37:36,3.64,0.0,424,154407.0,卖盘
10:37:39,3.64,0.0,759,276350.0,卖盘
10:37:42,3.64,0.0,428,155666.0,卖盘
10:37:45,3.63,-0.010000000000000231,105,38199.0,卖盘
10:37:48,3.64,0.010000000000000231,103,37425.0,买盘
10:37:52,3.63,-0.010000000000000231,329,119546.0,卖盘
10:37:55,3.63,0.0,736,267448.0,卖盘
10:37:58,3.63,0.0,160,58122.0,卖盘
10:38:01,3.64,0.010000000000000231,103,37390.0,买盘
10:38:04,3.63,-0.010000000000000231,630,228913.0,卖盘
10:38:08,3.64,0.010000000000000231,586,213259.0,买盘
10:38:11,3.63,-0.010000000000000231,28,10185.0,卖盘
10:38:14,3.64,0.010000000000000231,436,158699.0,买盘
10:38:17,3.64,0.0,74,26936.0,卖盘
10:38:20,3.65,0.009999999999999787,185,67443.0,买盘
10:38:24,3.65,0.0,310,112941.0,买盘
10:38:27,3.65,0.0,1306,475690.0,买盘
10:38:30,3.65,0.0,548,200020.0,买盘
10:38:33,3.65,0.0,6,2190.0,卖盘
10:38:36,3.65,0.0,164,59944.0,卖盘
10:38:39,3.65,0.0,127,46423.0,卖盘
10:38:42,3.66,0.010000000000000231,246,90035.0,买盘
10:38:45,3.66,0.0,101,36966.0,卖盘
10:38:49,3.66,0.0,19,6954.0,卖盘
10:38:52,3.67,0.009999999999999787,86,31531.0,买盘
10:38:55,3.67,0.0,755,277074.0,买盘
10:38:58,3.67,0.0,17,6245.0,卖盘
10:39:02,3.67,0.0,22,8074.0,卖盘
10:39:05,3.68,0.010000000000000231,223,82056.0,买盘
10:39:08,3.68,0.0,546,200928.0,买盘
10:39:11,3.69,0.009999999999999787,240,88323.0,买盘
10:39:14,3.68,-0.009999999999999787,52,19136.0,卖盘
10:39:17,3.68,0.0,138,50784.0,卖盘
10:39:21,3.69,0.009999999999999787,114,42002.0,买盘
10:39:24,3.69,0.0,231,85043.0,买盘
10:39:27,3.68,-0.009999999999999787,163,60043.0,卖盘
10:39:30,3.68,0.0,539,198381.0,卖盘
10:39:33,3.68,0.0,744,274484.0,卖盘
10:39:36,3.69,0.009999999999999787,112,41328.0,买盘
10:39:39,3.68,-0.009999999999999787,71,26145.0,卖盘
10:39:42,3.69,0.009999999999999787,326,120264.0,买盘
10:39:46,3.69,0.0,23,8487.0,买盘
10:39:49,3.69,0.0,31,11416.0,买盘
10:39:52,3.69,0.0,175,64575.0,买盘
10:39:55,3.69,0.0,167,61623.0,买盘
10:39:59,3.7,0.010000000000000231,227,83764.0,买盘
10:40:02,3.69,-0.010000000000000231,42,15498.0,卖盘
10:40:05,3.7,0.010000000000000231,71,26259.0,买盘
10:40:08,3.69,-0.010000000000000231,151,55802.0,卖盘
10:40:11,3.69,0.0,19,7018.0,卖盘
10:40:14,3.69,0.0,20,7382.0,卖盘
10:40:18,3.69,0.0,126,46530.0,卖盘
10:40:21,3.69,0.0,274,101156.0,卖盘
10:40:24,3.69,0.0,117,43173.0,卖盘
10:40:27,3.69,0.0,52,19188.0,卖盘
10:40:30,3.69,0.0,1500,554834.0,卖盘
10:40:33,3.69,0.0,619,228418.0,卖盘
10:40:39,3.68,-0.009999999999999787,3,1104.0,卖盘
10:40:43,3.69,0.009999999999999787,22,8118.0,买盘
10:40:46,3.68,-0.009999999999999787,239,88090.0,卖盘
10:40:49,3.69,0.009999999999999787,15,5530.0,买盘
10:40:52,3.69,0.0,90,33210.0,买盘
10:40:56,3.68,-0.009999999999999787,139,51172.0,卖盘
10:40:59,3.69,0.009999999999999787,24,8833.0,买盘
10:41:02,3.68,-0.009999999999999787,2148,793781.0,卖盘
10:41:05,3.68,0.0,89,32838.0,卖盘
10:41:08,3.68,0.0,95,34976.0,卖盘
10:41:11,3.7,0.020000000000000018,1071,395733.0,买盘
10:41:15,3.7,0.0,100,37000.0,卖盘
10:41:18,3.7,0.0,299,110630.0,卖盘
10:41:21,3.7,0.0,189,69931.0,卖盘
10:41:24,3.7,0.0,747,277072.0,卖盘
10:41:27,3.7,0.0,65,24061.0,卖盘
10:41:30,3.7,0.0,535,197985.0,卖盘
10:41:33,3.69,-0.010000000000000231,40,14780.0,卖盘
10:41:36,3.69,0.0,84,31034.0,卖盘
10:41:39,3.7,0.010000000000000231,1042,385539.0,买盘
10:41:43,3.7,0.0,36,13325.0,卖盘
10:41:46,3.7,0.0,21,7770.0,卖盘
10:41:49,3.7,0.0,86,31820.0,卖盘
10:41:52,3.71,0.009999999999999787,125,46344.0,买盘
10:41:56,3.7,-0.009999999999999787,209,77398.0,卖盘
10:41:59,3.71,0.009999999999999787,342,126842.0,买盘
10:42:02,3.7,-0.009999999999999787,13,4821.0,卖盘
10:42:05,3.71,0.009999999999999787,13,4818.0,买盘
10:42:08,3.7,-0.009999999999999787,1714,635871.0,卖盘
10:42:12,3.7,0.0,456,169100.0,卖盘
10:42:15,3.7,0.0,188,69724.0,卖盘
10:42:18,3.71,0.009999999999999787,162,60097.0,买盘
10:42:21,3.71,0.0,27,10014.0,买盘
10:42:24,3.71,0.0,53,19651.0,买盘
10:42:27,3.7,-0.009999999999999787,279,103479.0,卖盘
10:42:30,3.7,0.0,32,11840.0,卖盘
10:42:33,3.71,0.009999999999999787,227,84072.0,买盘
10:42:36,3.71,0.0,239,88622.0,买盘
10:42:39,3.7,-0.009999999999999787,196,72640.0,卖盘
10:42:43,3.71,0.009999999999999787,14,5194.0,买盘
10:42:46,3.71,0.0,387,143576.0,买盘
10:42:50,3.71,0.0,15,5565.0,卖盘
10:42:53,3.71,0.0,201,74761.20999997854,卖盘
10:42:56,3.72,0.010000000000000231,275,102128.0,买盘
10:42:59,3.71,-0.010000000000000231,2635,980144.0,卖盘
10:43:02,3.7,-0.009999999999999787,463,172024.79000002146,卖盘
10:43:05,3.71,0.009999999999999787,114,42483.20999997854,买盘
10:43:09,3.71,0.0,174,64560.0,卖盘
10:43:12,3.71,0.0,106,39329.0,卖盘
10:43:15,3.72,0.010000000000000231,990,368269.0,买盘
10:43:18,3.72,0.0,282,104924.0,卖盘
10:43:21,3.72,0.0,279,103996.0,卖盘
10:43:24,3.73,0.009999999999999787,192,71616.0,买盘
10:43:27,3.72,-0.009999999999999787,54,20119.0,卖盘
10:43:30,3.72,0.0,99,36917.0,卖盘
10:43:34,3.72,0.0,187,69697.0,卖盘
10:43:37,3.72,0.0,284,105869.0,卖盘
10:43:40,3.73,0.009999999999999787,514,191720.0,买盘
10:43:44,3.72,-0.009999999999999787,1285,478803.0,卖盘
10:43:47,3.73,0.009999999999999787,114,42519.0,买盘
10:43:50,3.73,0.0,236,88028.0,买盘
10:43:53,3.73,0.0,226,84264.0,卖盘
10:43:56,3.74,0.010000000000000231,105,39194.0,买盘
10:43:59,3.73,-0.010000000000000231,134,50049.0,卖盘
10:44:02,3.74,0.010000000000000231,75,28000.0,买盘
10:44:06,3.73,-0.010000000000000231,945,353191.0,卖盘
10:44:09,3.74,0.010000000000000231,2069,773741.0,买盘
10:44:12,3.74,0.0,2151,806255.0,买盘
10:44:15,3.75,0.009999999999999787,1424,533876.0,买盘
10:44:18,3.75,0.0,1538,576669.0,买盘
10:44:21,3.75,0.0,871,326622.0,买盘
10:44:24,3.75,0.0,244,91487.0,买盘
10:44:27,3.74,-0.009999999999999787,194,72673.0,卖盘
10:44:30,3.75,0.009999999999999787,121,45375.0,买盘
10:44:34,3.75,0.0,152,56919.0,买盘
10:44:37,3.75,0.0,425,159133.0,买盘
10:44:40,3.74,-0.009999999999999787,217,81340.0,卖盘
10:44:44,3.75,0.009999999999999787,240,89995.0,买盘
10:44:47,3.74,-0.009999999999999787,403,151024.0,卖盘
10:44:50,3.74,0.0,577,215790.0,卖盘
10:44:53,3.73,-0.010000000000000231,454,169908.0,卖盘
10:44:56,3.75,0.020000000000000018,101,37808.0,买盘
10:44:59,3.73,-0.020000000000000018,93,34752.0,卖盘
10:45:02,3.74,0.010000000000000231,6,2241.0,买盘
10:45:06,3.74,0.0,205,76604.0,买盘
10:45:09,3.73,-0.010000000000000231,156,58242.0,卖盘
10:45:12,3.74,0.010000000000000231,99,36997.0,买盘
10:45:15,3.74,0.0,105,39270.0,买盘
10:45:18,3.74,0.0,288,107504.0,买盘
10:45:21,3.73,-0.010000000000000231,33,12338.0,卖盘
10:45:24,3.74,0.010000000000000231,167,62386.0,买盘
10:45:27,3.73,-0.010000000000000231,534,199686.0,卖盘
10:45:31,3.74,0.010000000000000231,71,26552.0,买盘
10:45:34,3.74,0.0,21,7846.0,买盘
10:45:37,3.73,-0.010000000000000231,132,49269.0,卖盘
10:45:40,3.73,0.0,371,138523.0,卖盘
10:45:44,3.74,0.010000000000000231,47,17570.0,买盘
10:45:47,3.74,0.0,77,28776.0,买盘
10:45:50,3.73,-0.010000000000000231,737,275599.0,卖盘
10:45:53,3.75,0.020000000000000018,8186,3067844.0,买盘
10:45:56,3.75,0.0,218,81750.0,卖盘
10:45:59,3.76,0.009999999999999787,129,48382.0,买盘
10:46:03,3.75,-0.009999999999999787,372,139528.0,卖盘
10:46:06,3.76,0.009999999999999787,324,121798.0,买盘
10:46:09,3.75,-0.009999999999999787,127,47632.0,卖盘
10:46:12,3.76,0.009999999999999787,78,29287.0,买盘
10:46:15,3.75,-0.009999999999999787,334,125341.0,卖盘
10:46:18,3.75,0.0,1238,465297.0,卖盘
10:46:21,3.75,0.0,1231,462625.0,卖盘
10:46:24,3.75,0.0,1129,424475.0,卖盘
10:46:28,3.75,0.0,136,51094.0,卖盘
10:46:31,3.76,0.009999999999999787,123,46178.0,买盘
10:46:34,3.76,0.0,424,159148.0,买盘
10:46:38,3.76,0.0,349,131127.0,买盘
10:46:41,3.76,0.0,216,81087.0,买盘
10:46:44,3.75,-0.009999999999999787,527,197627.0,卖盘
10:46:47,3.76,0.009999999999999787,81,30408.0,买盘
10:46:50,3.76,0.0,53,19905.0,买盘
10:46:53,3.75,-0.009999999999999787,538,201913.0,卖盘
10:46:56,3.76,0.009999999999999787,333,125126.0,买盘
10:47:00,3.76,0.0,103,38637.0,买盘
10:47:02,3.75,-0.009999999999999787,1956,733514.0,卖盘
10:47:06,3.75,0.0,416,155978.0,买盘
10:47:09,3.75,0.0,164,61499.0,买盘
10:47:12,3.75,0.0,479,179380.0,买盘
10:47:15,3.73,-0.020000000000000018,99,36929.0,卖盘
10:47:18,3.73,0.0,207,77219.0,卖盘
10:47:21,3.72,-0.009999999999999787,630,234928.0,卖盘
10:47:25,3.73,0.009999999999999787,7,2613.0,中性盘
10:47:28,3.72,-0.009999999999999787,107,39804.0,卖盘
10:47:31,3.72,0.0,49,18228.0,卖盘
10:47:34,3.72,0.0,2,744.0,买盘
10:47:38,3.72,0.0,28,10416.0,买盘
10:47:41,3.72,0.0,123,45653.0,买盘
10:47:44,3.72,0.0,2,744.0,买盘
10:47:47,3.71,-0.010000000000000231,78,28950.0,卖盘
10:47:50,3.72,0.010000000000000231,731,270826.0,买盘
10:47:53,3.69,-0.03000000000000025,402,148567.0,卖盘
10:47:57,3.69,0.0,505,186345.0,买盘
10:48:00,3.69,0.0,514,189636.0,买盘
10:48:03,3.69,0.0,198,72915.0,买盘
10:48:06,3.68,-0.009999999999999787,521,191826.0,卖盘
10:48:09,3.69,0.009999999999999787,206,75999.0,买盘
10:48:12,3.69,0.0,65,23998.0,卖盘
10:48:15,3.7,0.010000000000000231,40,14762.0,买盘
10:48:18,3.7,0.0,106,39168.0,买盘
10:48:22,3.7,0.0,88,32519.0,买盘
10:48:25,3.7,0.0,249,92130.0,买盘
10:48:28,3.69,-0.010000000000000231,1171,432314.0,卖盘
10:48:31,3.75,0.06000000000000005,2515,936883.0,买盘
10:48:35,3.7,-0.04999999999999982,61,22570.0,卖盘
10:48:38,3.69,-0.010000000000000231,5,1845.0,中性盘
10:48:41,3.75,0.06000000000000005,2009,753208.0,买盘
10:48:44,3.7,-0.04999999999999982,52,19224.0,中性盘
10:48:47,3.75,0.04999999999999982,2503,938546.0,买盘
10:48:50,3.7,-0.04999999999999982,20,7411.0,卖盘
10:48:57,3.74,0.040000000000000036,38,14212.0,买盘
10:49:00,3.74,0.0,40,14932.0,买盘
10:49:03,3.74,0.0,10,3740.0,买盘
10:49:06,3.71,-0.03000000000000025,3,1113.0,卖盘
10:49:09,3.71,0.0,236,87697.0,卖盘
10:49:12,3.74,0.03000000000000025,6,2238.0,买盘
10:49:15,3.72,-0.020000000000000018,113,41945.0,卖盘
10:49:19,3.72,0.0,217,80724.0,卖盘
10:49:22,3.72,0.0,15,5575.0,中性盘
10:49:25,3.72,0.0,101,37572.0,买盘
10:49:28,3.73,0.009999999999999787,33,12292.0,买盘
10:49:32,3.72,-0.009999999999999787,65,24180.0,卖盘
10:49:35,3.72,0.0,83,30876.0,买盘
10:49:38,3.72,0.0,69,25665.0,买盘
10:49:41,3.72,0.0,25,9300.0,买盘
10:49:44,3.71,-0.010000000000000231,64,23754.0,卖盘
10:49:47,3.71,0.0,49,18218.0,卖盘
10:49:51,3.71,0.0,49,18209.0,卖盘
10:49:54,3.71,0.0,110,40814.0,卖盘
10:50:00,3.72,0.010000000000000231,20,7440.0,买盘
10:50:02,3.71,-0.010000000000000231,122,45296.0,卖盘
10:50:06,3.71,0.0,37,13728.0,卖盘
10:50:09,3.71,0.0,385,143005.0,卖盘
10:50:12,3.71,0.0,36,13357.0,卖盘
10:50:15,3.71,0.0,686,254506.0,卖盘
10:50:18,3.71,0.0,4,1484.0,买盘
10:50:22,3.71,0.0,288,106739.0,买盘
10:50:25,3.71,0.0,519,192369.0,买盘
10:50:28,3.71,0.0,173,64156.0,买盘
10:50:32,3.71,0.0,1,371.0,买盘
10:50:35,3.72,0.010000000000000231,139,51592.0,买盘
10:50:38,3.7,-0.020000000000000018,42,15574.0,卖盘
10:50:41,3.71,0.009999999999999787,78,28938.0,买盘
10:50:44,3.72,0.010000000000000231,304,112597.0,买盘
10:50:47,3.7,-0.020000000000000018,16,5920.0,卖盘
10:50:50,3.71,0.009999999999999787,35,12985.0,买盘
10:50:54,3.7,-0.009999999999999787,47,17390.0,卖盘
10:50:57,3.7,0.0,10,3700.0,卖盘
10:51:00,3.71,0.009999999999999787,451,167716.0,买盘
10:51:03,3.71,0.0,28,10403.0,卖盘
10:51:06,3.72,0.010000000000000231,111,41189.0,买盘
10:51:09,3.7,-0.020000000000000018,18,6669.0,卖盘
10:51:15,3.71,0.009999999999999787,35,12985.0,买盘
10:51:19,3.71,0.0,155,57502.0,买盘
10:51:22,3.72,0.010000000000000231,29,10772.0,买盘
10:51:25,3.71,-0.010000000000000231,232,86283.0,卖盘
10:51:29,3.72,0.010000000000000231,36,13392.0,买盘
10:51:32,3.72,0.0,3,1116.0,卖盘
10:51:35,3.72,0.0,34,12648.0,卖盘
10:51:38,3.72,0.0,52,19344.0,卖盘
10:51:41,3.72,0.0,744,276839.0,卖盘
10:51:44,3.72,0.0,262,97470.0,卖盘
10:51:47,3.72,0.0,81,30132.0,买盘
10:51:51,3.72,0.0,62,23064.0,买盘
10:51:54,3.72,0.0,104,38688.0,买盘
10:51:57,3.72,0.0,83,30876.0,卖盘
10:52:00,3.71,-0.010000000000000231,680,252944.0,卖盘
10:52:03,3.72,0.010000000000000231,57,21204.0,买盘
10:52:06,3.72,0.0,102,37943.0,买盘
10:52:09,3.72,0.0,4,1488.0,买盘
10:52:13,3.71,-0.010000000000000231,9,3341.0,卖盘
10:52:16,3.72,0.010000000000000231,66,24542.0,买盘
10:52:19,3.72,0.0,3,1116.0,买盘
10:52:22,3.72,0.0,129,47986.0,买盘
10:52:26,3.72,0.0,258,95976.0,买盘
10:52:29,3.72,0.0,110,40920.0,卖盘
10:52:32,3.72,0.0,44,16337.0,买盘
10:52:35,3.72,0.0,31,11532.0,买盘
10:52:38,3.72,0.0,52,19344.0,买盘
10:52:41,3.71,-0.010000000000000231,184,68278.0,卖盘
10:52:45,3.71,0.0,83,30831.0,卖盘
10:52:48,3.71,0.0,12,4452.0,卖盘
10:52:51,3.72,0.010000000000000231,4,1488.0,买盘
10:52:54,3.71,-0.010000000000000231,58,21572.0,卖盘
10:52:57,3.71,0.0,2475,924222.0,卖盘
10:53:00,3.72,0.010000000000000231,220,81791.0,买盘
10:53:06,3.72,0.0,56,20832.0,卖盘
10:53:09,3.72,0.0,123,45756.0,卖盘
10:53:13,3.73,0.009999999999999787,2525,946467.0,买盘
10:53:16,3.72,-0.009999999999999787,133,49476.0,卖盘
10:53:19,3.72,0.0,30,11160.0,买盘
10:53:23,3.72,0.0,21,7810.0,买盘
10:53:26,3.73,0.009999999999999787,183,68134.0,买盘
10:53:29,3.72,-0.009999999999999787,852,316121.0,买盘
10:53:32,3.73,0.009999999999999787,8,2980.0,买盘
10:53:35,3.73,0.0,35,13050.0,买盘
10:53:38,3.72,-0.009999999999999787,66,24603.0,卖盘
10:53:42,3.73,0.009999999999999787,94,34971.0,买盘
10:53:45,3.73,0.0,30,11188.0,买盘
10:53:48,3.72,-0.009999999999999787,3,1116.0,卖盘
10:53:51,3.72,0.0,94,35052.0,卖盘
10:53:54,3.73,0.009999999999999787,93,34674.0,买盘
10:53:57,3.73,0.0,85,31689.0,买盘
10:54:00,3.73,0.0,2,746.0,买盘
10:54:03,3.73,0.0,2,746.0,买盘
10:54:07,3.72,-0.009999999999999787,30,11168.0,卖盘
10:54:10,3.73,0.009999999999999787,264,98270.0,买盘
10:54:13,3.73,0.0,13,4839.0,买盘
10:54:17,3.73,0.0,871,324882.0,买盘
10:54:20,3.73,0.0,13,4849.0,卖盘
10:54:23,3.73,0.0,226,84298.0,卖盘
10:54:26,3.73,0.0,92,34316.0,卖盘
10:54:29,3.73,0.0,163,60943.0,卖盘
10:54:32,3.75,0.020000000000000018,3985,1494145.0,买盘
10:54:36,3.75,0.0,189,70875.0,卖盘
10:54:39,3.75,0.0,191,71625.0,卖盘
10:54:42,3.75,0.0,293,110107.0,卖盘
10:54:45,3.76,0.009999999999999787,89,33388.0,买盘
10:54:48,3.75,-0.009999999999999787,667,250175.0,卖盘
10:54:51,3.75,0.0,202,75763.0,卖盘
10:54:54,3.75,0.0,588,220600.0,卖盘
10:54:57,3.75,0.0,36,13512.0,卖盘
10:55:00,3.75,0.0,392,147001.0,卖盘
10:55:04,3.76,0.009999999999999787,213,79902.0,买盘
10:55:07,3.75,-0.009999999999999787,257,96388.0,卖盘
10:55:10,3.76,0.009999999999999787,44,16522.0,买盘
10:55:13,3.75,-0.009999999999999787,46,17285.0,卖盘
10:55:17,3.76,0.009999999999999787,2033,763899.0,买盘
10:55:20,3.76,0.0,447,167858.0,买盘
10:55:23,3.76,0.0,2910,1094107.0,买盘
10:55:26,3.76,0.0,61,22918.0,买盘
10:55:29,3.76,0.0,215,80779.0,买盘
10:55:33,3.76,0.0,293,110158.0,买盘
10:55:36,3.75,-0.009999999999999787,133,49955.0,卖盘
10:55:39,3.76,0.009999999999999787,184,69164.0,买盘
10:55:42,3.76,0.0,1889,710254.0,买盘
10:55:45,3.77,0.010000000000000231,169,63560.0,买盘
10:55:48,3.76,-0.010000000000000231,1787,671950.0,卖盘
10:55:51,3.76,0.0,103,38808.0,卖盘
10:55:54,3.77,0.010000000000000231,234,88193.0,买盘
10:55:57,3.77,0.0,173,65185.0,买盘
10:56:01,3.77,0.0,90,33913.0,买盘
10:56:04,3.77,0.0,663,249764.0,买盘
10:56:07,3.76,-0.010000000000000231,224,84259.0,卖盘
10:56:11,3.76,0.0,316,118906.0,卖盘
10:56:14,3.76,0.0,631,237277.0,卖盘
10:56:17,3.76,0.0,639,240264.0,卖盘
10:56:20,3.76,0.0,24,9024.0,买盘
10:56:23,3.76,0.0,10,3753.0,买盘
10:56:26,3.76,0.0,357,134069.0,买盘
10:56:30,3.76,0.0,29,10897.0,买盘
10:56:33,3.76,0.0,195,73281.0,买盘
10:56:36,3.76,0.0,127,47742.0,买盘
10:56:39,3.75,-0.009999999999999787,2,750.0,卖盘
10:56:42,3.75,0.0,168,63104.0,卖盘
10:56:45,3.76,0.009999999999999787,53,19888.0,买盘
10:56:48,3.76,0.0,97,36377.0,买盘
10:56:51,3.75,-0.009999999999999787,272,102007.0,卖盘
10:56:54,3.75,0.0,60,22502.0,卖盘
10:56:58,3.76,0.009999999999999787,274,102784.0,买盘
10:57:01,3.75,-0.009999999999999787,514,192782.0,卖盘
10:57:04,3.76,0.009999999999999787,9,3376.0,买盘
10:57:07,3.75,-0.009999999999999787,147,55126.0,卖盘
10:57:11,3.75,0.0,71,26626.0,卖盘
10:57:14,3.75,0.0,239,89626.0,卖盘
10:57:17,3.75,0.0,281,105388.0,卖盘
10:57:20,3.75,0.0,683,256132.0,卖盘
10:57:23,3.75,0.0,264,99005.0,卖盘
10:57:27,3.75,0.0,832,312000.0,卖盘
10:57:30,3.75,0.0,25,9375.0,卖盘
10:57:33,3.75,0.0,2,750.0,买盘
10:57:36,3.74,-0.009999999999999787,34,12720.0,卖盘
10:57:39,3.75,0.009999999999999787,34,12717.0,买盘
10:57:42,3.74,-0.009999999999999787,203,76032.0,卖盘
10:57:45,3.73,-0.010000000000000231,21,7851.0,卖盘
10:57:51,3.74,0.010000000000000231,118,44132.0,买盘
10:57:55,3.74,0.0,38,14212.0,买盘
10:57:58,3.73,-0.010000000000000231,90,33639.0,卖盘
10:58:01,3.73,0.0,100,37300.0,卖盘
10:58:04,3.74,0.010000000000000231,118,44115.0,买盘
10:58:08,3.73,-0.010000000000000231,54,20142.0,卖盘
10:58:11,3.73,0.0,5669,2127245.0,卖盘
10:58:14,3.74,0.010000000000000231,237,88428.0,买盘
10:58:17,3.74,0.0,121,45146.0,买盘
10:58:20,3.74,0.0,590,220655.0,买盘
10:58:24,3.74,0.0,93,34814.0,买盘
10:58:27,3.74,0.0,66,24664.0,卖盘
10:58:30,3.77,0.029999999999999805,6899,2595921.0,买盘
10:58:33,3.74,-0.029999999999999805,17,6358.0,中性盘
10:58:36,3.74,0.0,50,18700.0,卖盘
10:58:39,3.74,0.0,146,54600.0,卖盘
10:58:42,3.75,0.009999999999999787,81,30324.0,买盘
10:58:45,3.74,-0.009999999999999787,159,59550.0,卖盘
10:58:48,3.75,0.009999999999999787,97,36376.0,买盘
10:58:52,3.75,0.0,112,42096.0,卖盘
10:58:55,3.75,0.0,24,8998.0,卖盘
10:58:58,3.75,0.0,64,24000.0,买盘
10:59:01,3.75,0.0,1,375.0,买盘
10:59:05,3.75,0.0,166,62250.0,买盘
10:59:08,3.75,0.0,1,375.0,卖盘
10:59:11,3.75,0.0,144,54000.0,卖盘
10:59:14,3.76,0.009999999999999787,39,14634.0,买盘
10:59:17,3.75,-0.009999999999999787,90,33759.0,卖盘
10:59:21,3.75,0.0,4,1500.0,买盘
10:59:24,3.75,0.0,19,7123.0,买盘
10:59:27,3.75,0.0,33,12375.0,买盘
10:59:30,3.75,0.0,48,17990.0,买盘
10:59:33,3.75,0.0,7,2625.0,买盘
10:59:36,3.75,0.0,239,89542.0,买盘
10:59:39,3.75,0.0,68,25481.0,买盘
10:59:42,3.76,0.009999999999999787,82,30752.0,买盘
10:59:46,3.75,-0.009999999999999787,47,17625.0,卖盘
10:59:49,3.75,0.0,71,26568.0,买盘
10:59:52,3.75,0.0,6,2250.0,买盘
10:59:55,3.75,0.0,83,31145.0,卖盘
10:59:59,3.75,0.0,374,140433.75,卖盘
11:00:02,3.75,0.0,23,8625.0,卖盘
11:00:05,3.75,0.0,94,35259.0,卖盘
11:00:08,3.75,0.0,161,60375.0,卖盘
11:00:11,3.76,0.009999999999999787,419,157171.0,买盘
11:00:14,3.76,0.0,553,207679.0,买盘
11:00:18,3.76,0.0,317,118940.0,买盘
11:00:21,3.75,-0.009999999999999787,354,132803.0,卖盘
11:00:24,3.75,0.0,344,129012.0,卖盘
11:00:27,3.75,0.0,33,12395.0,卖盘
11:00:30,3.75,0.0,128,48016.0,卖盘
11:00:33,3.76,0.009999999999999787,203,76188.0,买盘
11:00:36,3.75,-0.009999999999999787,47,17625.0,卖盘
11:00:39,3.75,0.0,133,49885.0,卖盘
11:00:42,3.76,0.009999999999999787,438,164582.0,买盘
11:00:45,3.75,-0.009999999999999787,465,174575.0,卖盘
11:00:49,3.75,0.0,61,22875.0,卖盘
11:00:52,3.76,0.009999999999999787,287,107784.0,买盘
11:00:56,3.75,-0.009999999999999787,725,271877.0,卖盘
11:00:59,3.76,0.009999999999999787,63,23645.0,买盘
11:01:02,3.75,-0.009999999999999787,116,43530.0,卖盘
11:01:05,3.75,0.0,293,110018.0,卖盘
11:01:08,3.76,0.009999999999999787,186,69850.0,买盘
11:01:11,3.75,-0.009999999999999787,153,57457.0,卖盘
11:01:15,3.75,0.0,189,70875.0,卖盘
11:01:18,3.75,0.0,154,57768.0,卖盘
11:01:21,3.76,0.009999999999999787,3,1126.0,买盘
11:01:24,3.75,-0.009999999999999787,46,17250.0,卖盘
11:01:27,3.76,0.009999999999999787,108,40544.0,买盘
11:01:30,3.75,-0.009999999999999787,1641,616849.0,卖盘
11:01:33,3.75,0.0,699,262347.0,卖盘
11:01:36,3.75,0.0,195,73160.0,卖盘
11:01:39,3.75,0.0,147,55125.0,卖盘
11:01:43,3.76,0.009999999999999787,27,10132.0,买盘
11:01:46,3.76,0.0,116,43529.0,买盘
11:01:49,3.76,0.0,293,109889.0,买盘
11:01:53,3.75,-0.009999999999999787,12,4698.25,卖盘
11:01:56,3.75,0.0,110,41227.0,买盘
11:01:59,3.75,0.0,51,19125.0,买盘
11:02:02,3.75,0.0,20,7500.0,买盘
11:02:05,3.75,0.0,49,18360.0,买盘
11:02:08,3.74,-0.009999999999999787,69,25806.0,卖盘
11:02:12,3.74,0.0,153,57282.0,卖盘
11:02:15,3.75,0.009999999999999787,7,2625.0,买盘
11:02:18,3.74,-0.009999999999999787,249,93282.0,卖盘
11:02:21,3.74,0.0,13,4865.0,卖盘
11:02:24,3.74,0.0,2,748.0,卖盘
11:02:27,3.74,0.0,109,40781.0,卖盘
11:02:30,3.76,0.019999999999999574,2012,755136.5099999905,买盘
11:02:33,3.75,-0.009999999999999787,27,10125.0,买盘
11:02:37,3.74,-0.009999999999999787,169,63343.0,卖盘
11:02:40,3.75,0.009999999999999787,9,3368.0,买盘
11:02:43,3.75,0.0,69,25810.0,买盘
11:02:46,3.74,-0.009999999999999787,233,87223.0,卖盘
11:02:50,3.75,0.009999999999999787,374,139904.0,买盘
11:02:53,3.75,0.0,17,6359.0,买盘
11:02:56,3.74,-0.009999999999999787,67,25099.0,卖盘
11:02:59,3.74,0.0,64,23938.0,卖盘
11:03:02,3.74,0.0,203,75929.0,卖盘
11:03:05,3.74,0.0,129,48246.0,卖盘
11:03:09,3.74,0.0,99,37034.0,卖盘
11:03:12,3.74,0.0,1510,564741.0,卖盘
11:03:15,3.75,0.009999999999999787,210,78543.0,买盘
11:03:18,3.74,-0.009999999999999787,638,238626.0,卖盘
11:03:21,3.74,0.0,66,24684.0,卖盘
11:03:24,3.74,0.0,26,9727.0,卖盘
11:03:27,3.74,0.0,84,31417.0,卖盘
11:03:31,3.74,0.0,7,2618.0,买盘
11:03:34,3.74,0.0,508,189992.0,买盘
11:03:37,3.74,0.0,67,25042.0,买盘
11:03:41,3.73,-0.010000000000000231,66,24621.0,卖盘
11:03:44,3.74,0.010000000000000231,155,57960.0,买盘
11:03:47,3.73,-0.010000000000000231,9,3357.0,卖盘
11:03:50,3.74,0.010000000000000231,48,17916.0,买盘
11:03:57,3.73,-0.010000000000000231,43,16048.0,卖盘
11:04:00,3.73,0.0,122,45536.0,卖盘
11:04:03,3.73,0.0,159,59325.0,卖盘
11:04:06,3.73,0.0,369,137637.0,卖盘
11:04:09,3.73,0.0,57,21261.0,卖盘
11:04:12,3.73,0.0,565,210742.0,卖盘
11:04:15,3.73,0.0,105,39165.0,买盘
11:04:18,3.73,0.0,4784,1784432.0,买盘
11:04:21,3.73,0.0,245,91357.0,卖盘
11:04:25,3.73,0.0,76,28345.0,买盘
11:04:28,3.73,0.0,313,116565.0,卖盘
11:04:31,3.72,-0.009999999999999787,161,59892.0,卖盘
11:04:35,3.72,0.0,70,26040.0,卖盘
11:04:38,3.72,0.0,62,23080.0,卖盘
11:04:41,3.72,0.0,1,372.0,卖盘
11:04:44,3.72,0.0,162,60265.0,卖盘
11:04:47,3.73,0.009999999999999787,6,2233.0,买盘
11:04:50,3.72,-0.009999999999999787,682,253704.0,卖盘
11:04:54,3.72,0.0,89,33120.0,卖盘
11:04:57,3.73,0.009999999999999787,266,99202.0,买盘
11:05:00,3.72,-0.009999999999999787,35,13020.0,买盘
11:05:03,3.72,0.0,85,31548.0,买盘
11:05:06,3.71,-0.010000000000000231,47,17437.0,卖盘
11:05:09,3.71,0.0,353,131131.0,卖盘
11:05:12,3.71,0.0,22,8172.0,卖盘
11:05:15,3.71,0.0,2,742.0,卖盘
11:05:19,3.71,0.0,34,12614.0,卖盘
11:05:22,3.71,0.0,510,189310.0,卖盘
11:05:25,3.71,0.0,293,108723.0,卖盘
11:05:28,3.71,0.0,1310,486015.0,卖盘
11:05:32,3.71,0.0,3,1113.0,买盘
11:05:35,3.7,-0.009999999999999787,50,18520.0,卖盘
11:05:38,3.7,0.0,270,100115.0,卖盘
11:05:41,3.7,0.0,220,81400.0,卖盘
11:05:44,3.7,0.0,117,43290.0,卖盘
11:05:47,3.7,0.0,240,88802.0,卖盘
11:05:51,3.7,0.0,53,19610.0,卖盘
11:05:54,3.7,0.0,136,50325.0,卖盘
11:05:57,3.7,0.0,9,3330.0,卖盘
11:06:00,3.71,0.009999999999999787,460,170323.0,买盘
11:06:03,3.7,-0.009999999999999787,70,25900.0,卖盘
11:06:06,3.7,0.0,396,146593.0,卖盘
11:06:09,3.7,0.0,23,8510.0,卖盘
11:06:12,3.71,0.009999999999999787,130,48163.0,买盘
11:06:15,3.7,-0.009999999999999787,78,28863.0,卖盘
11:06:19,3.7,0.0,544,201580.0,卖盘
11:06:22,3.71,0.009999999999999787,325,120392.0,买盘
11:06:25,3.7,-0.009999999999999787,635,235113.0,卖盘
11:06:29,3.7,0.0,64,23727.0,卖盘
11:06:32,3.7,0.0,167,61794.0,卖盘
11:06:35,3.7,0.0,66,24469.0,卖盘
11:06:38,3.7,0.0,34,12583.0,卖盘
11:06:41,3.71,0.009999999999999787,41,15204.0,买盘
11:06:44,3.7,-0.009999999999999787,47,17390.0,卖盘
11:06:48,3.7,0.0,190,70303.0,卖盘
11:06:51,3.7,0.0,396,146681.0,卖盘
11:06:54,3.71,0.009999999999999787,65,24082.0,买盘
11:06:57,3.7,-0.009999999999999787,188,69562.0,卖盘
11:07:00,3.7,0.0,95,35150.0,卖盘
11:07:03,3.7,0.0,480,177696.0,卖盘
11:07:06,3.7,0.0,41,15170.0,卖盘
11:07:09,3.7,0.0,18,6660.0,卖盘
11:07:13,3.7,0.0,16,5923.0,卖盘
11:07:16,3.7,0.0,853,315610.0,卖盘
11:07:19,3.7,0.0,88,32560.0,卖盘
11:07:22,3.7,0.0,1334,493580.0,卖盘
11:07:26,3.7,0.0,1371,507281.0,卖盘
11:07:29,3.7,0.0,28,10339.0,中性盘
11:07:32,3.69,-0.010000000000000231,10,3690.0,卖盘
11:07:35,3.69,0.0,37,13688.0,卖盘
11:07:38,3.69,0.0,228,84132.0,卖盘
11:07:41,3.7,0.010000000000000231,11,4069.0,买盘
11:07:45,3.7,0.0,42,15503.0,买盘
11:07:48,3.7,0.0,10,3700.0,买盘
11:07:51,3.7,0.0,16,5920.0,买盘
11:07:54,3.7,0.0,579,213692.0,买盘
11:07:57,3.69,-0.010000000000000231,114,42068.0,卖盘
11:08:00,3.69,0.0,88,32484.0,卖盘
11:08:06,3.69,0.0,62,22878.0,卖盘
11:08:10,3.69,0.0,4,1476.0,卖盘
11:08:13,3.7,0.010000000000000231,39,14411.0,买盘
11:08:16,3.69,-0.010000000000000231,35,12919.0,卖盘
11:08:20,3.69,0.0,8,2952.0,卖盘
11:08:23,3.7,0.010000000000000231,1441,532779.0,买盘
11:08:26,3.69,-0.010000000000000231,109,40241.0,卖盘
11:08:29,3.69,0.0,1345,496590.0,卖盘
11:08:32,3.69,0.0,1415,524801.0,卖盘
11:08:35,3.69,0.0,45,16621.0,卖盘
11:08:39,3.7,0.010000000000000231,24,8869.0,买盘
11:08:42,3.7,0.0,101,37370.0,买盘
11:08:45,3.69,-0.010000000000000231,20,7399.0,卖盘
11:08:48,3.7,0.010000000000000231,126,46583.0,买盘
11:08:51,3.7,0.0,28,10360.0,买盘
11:08:54,3.7,0.0,40,14800.0,买盘
11:08:57,3.7,0.0,4,1480.0,买盘
11:09:00,3.7,0.0,70,25900.0,买盘
11:09:03,3.69,-0.010000000000000231,22,8120.0,卖盘
11:09:07,3.7,0.010000000000000231,529,195714.0,买盘
11:09:10,3.7,0.0,42,15539.0,买盘
11:09:17,3.7,0.0,120,44400.0,买盘
11:09:20,3.7,0.0,144,53310.0,买盘
11:09:23,3.7,0.0,76,28120.0,卖盘
11:09:26,3.7,0.0,1,370.0,卖盘
11:09:29,3.7,0.0,63,23310.0,卖盘
11:09:32,3.7,0.0,121,44770.0,买盘
11:09:36,3.69,-0.010000000000000231,875,322877.0,卖盘
11:09:39,3.69,0.0,24,8856.0,买盘
11:09:42,3.69,0.0,57,21033.0,买盘
11:09:45,3.68,-0.009999999999999787,2227,819755.0,卖盘
11:09:48,3.68,0.0,1654,608672.0,卖盘
11:09:51,3.69,0.009999999999999787,1237,456082.0,买盘
11:09:54,3.68,-0.009999999999999787,83,30599.0,中性盘
11:09:57,3.7,0.020000000000000018,1105,408840.0,买盘
11:10:01,3.69,-0.010000000000000231,294,108486.0,中性盘
11:10:04,3.69,0.0,20,7380.0,卖盘
11:10:07,3.69,0.0,148,54622.0,卖盘
11:10:10,3.69,0.0,276,101844.0,卖盘
11:10:14,3.69,0.0,264,97407.0,买盘
11:10:17,3.68,-0.009999999999999787,18,6635.0,卖盘
11:10:20,3.69,0.009999999999999787,60,22115.0,买盘
11:10:23,3.68,-0.009999999999999787,163,60027.0,卖盘
11:10:26,3.68,0.0,14,5153.0,卖盘
11:10:29,3.69,0.009999999999999787,10,3690.0,买盘
11:10:33,3.68,-0.009999999999999787,26,9568.0,卖盘
11:10:36,3.68,0.0,45,16560.0,卖盘
11:10:39,3.69,0.009999999999999787,10,3690.0,买盘
11:10:42,3.69,0.0,111,40904.0,买盘
11:10:45,3.69,0.0,31,11439.0,买盘
11:10:48,3.68,-0.009999999999999787,2,736.0,卖盘
11:10:51,3.68,0.0,83,30586.0,卖盘
11:10:54,3.68,0.0,35,12882.0,卖盘
11:10:57,3.69,0.009999999999999787,63,23238.0,买盘
11:11:01,3.68,-0.009999999999999787,676,248768.0,卖盘
11:11:07,3.68,0.0,191,70299.0,卖盘
11:11:11,3.68,0.0,111,40848.0,买盘
11:11:14,3.68,0.0,11,4038.0,买盘
11:11:17,3.68,0.0,672,246752.0,买盘
11:11:20,3.67,-0.010000000000000231,71,26096.0,卖盘
11:11:23,3.67,0.0,570,209698.0,卖盘
11:11:26,3.67,0.0,107,39269.0,卖盘
11:11:30,3.68,0.010000000000000231,479,175831.0,买盘
11:11:33,3.67,-0.010000000000000231,356,130662.0,卖盘
11:11:36,3.68,0.010000000000000231,1706,627808.0,买盘
11:11:39,3.67,-0.010000000000000231,183,67161.0,卖盘
11:11:42,3.67,0.0,68,24956.0,卖盘
11:11:45,3.68,0.010000000000000231,874,322092.0,买盘
11:11:48,3.68,0.0,225,82667.0,卖盘
11:11:51,3.68,0.0,39,14352.0,卖盘
11:11:54,3.68,0.0,32,11776.0,卖盘
11:11:58,3.68,0.0,111,40857.0,卖盘
11:12:01,3.68,0.0,145,53330.0,卖盘
11:12:04,3.68,0.0,199,73244.0,买盘
11:12:08,3.68,0.0,203,74835.0,卖盘
11:12:11,3.69,0.009999999999999787,117,43156.0,买盘
11:12:14,3.68,-0.009999999999999787,6,2208.0,卖盘
11:12:17,3.68,0.0,1,368.0,卖盘
11:12:20,3.68,0.0,93,34224.0,卖盘
11:12:23,3.68,0.0,13,4784.0,卖盘
11:12:27,3.68,0.0,5,1841.0,卖盘
11:12:30,3.68,0.0,23,8464.0,卖盘
11:12:33,3.69,0.009999999999999787,24,8854.0,买盘
11:12:36,3.68,-0.009999999999999787,25,9202.0,卖盘
11:12:39,3.69,0.009999999999999787,23,8487.0,买盘
11:12:42,3.69,0.0,21,7729.0,买盘
11:12:45,3.69,0.0,4,1476.0,买盘
11:12:52,3.69,0.0,74,27234.0,买盘
11:12:55,3.68,-0.009999999999999787,65,23945.0,卖盘
11:12:58,3.68,0.0,27,9953.0,卖盘
11:13:05,3.69,0.009999999999999787,113,41687.0,买盘
11:13:08,3.68,-0.009999999999999787,17,6258.0,卖盘
11:13:11,3.68,0.0,1,368.0,卖盘
11:13:14,3.68,0.0,101,37202.0,卖盘
11:13:17,3.68,0.0,21,7729.0,卖盘
11:13:20,3.69,0.009999999999999787,1434,529112.0,买盘
11:13:24,3.69,0.0,41,15108.0,买盘
11:13:27,3.69,0.0,7,2583.0,买盘
11:13:30,3.69,0.0,711,261689.0,买盘
11:13:33,3.69,0.0,2,738.0,卖盘
11:13:36,3.69,0.0,296,109224.0,卖盘
11:13:39,3.69,0.0,227,83758.0,买盘
11:13:42,3.68,-0.009999999999999787,137,50543.0,卖盘
11:13:45,3.69,0.009999999999999787,77,28403.0,买盘
11:13:49,3.69,0.0,32,11808.0,买盘
11:13:52,3.69,0.0,34,12546.0,卖盘
11:13:58,3.7,0.010000000000000231,71,26211.0,买盘
11:14:02,3.7,0.0,2,740.0,买盘
11:14:05,3.7,0.0,10,3700.0,买盘
11:14:08,3.69,-0.010000000000000231,163,60153.0,卖盘
11:14:11,3.7,0.010000000000000231,7,2590.0,买盘
11:14:14,3.7,0.0,43,15910.0,买盘
11:14:17,3.7,0.0,890,329300.0,买盘
11:14:21,3.7,0.0,11,4070.0,卖盘
11:14:24,3.7,0.0,9,3330.0,卖盘
11:14:27,3.71,0.009999999999999787,13,4823.0,买盘
11:14:30,3.7,-0.009999999999999787,12,4440.0,卖盘
11:14:33,3.7,0.0,56,20725.0,卖盘
11:14:36,3.71,0.009999999999999787,76,28188.0,买盘
11:14:39,3.7,-0.009999999999999787,351,129885.0,卖盘
11:14:42,3.71,0.009999999999999787,22,8159.0,买盘
11:14:46,3.7,-0.009999999999999787,7,2590.0,卖盘
11:14:49,3.71,0.009999999999999787,33,12240.0,买盘
11:14:52,3.7,-0.009999999999999787,60,22251.0,卖盘
11:14:55,3.7,0.0,41,15191.0,卖盘
11:15:02,3.7,0.0,202,74841.0,卖盘
11:15:05,3.71,0.009999999999999787,67,24839.0,买盘
11:15:08,3.71,0.0,32,11872.0,卖盘
11:15:15,3.7,-0.009999999999999787,61,22625.0,卖盘
11:15:18,3.71,0.009999999999999787,117,43350.0,买盘
11:15:21,3.7,-0.009999999999999787,9,3330.0,卖盘
11:15:24,3.7,0.0,19,7030.0,卖盘
11:15:27,3.69,-0.010000000000000231,225,83256.0,卖盘
11:15:30,3.7,0.010000000000000231,182,67356.0,买盘
11:15:33,3.7,0.0,35,12950.0,卖盘
11:15:36,3.7,0.0,20,7394.0,买盘
11:15:40,3.69,-0.010000000000000231,4,1476.0,卖盘
11:15:46,3.7,0.010000000000000231,47,17384.0,买盘
11:15:49,3.7,0.0,4,1478.0,买盘
11:15:56,3.7,0.0,8,2960.0,买盘
11:16:02,3.7,0.0,43,15910.0,买盘
11:16:05,3.7,0.0,3,1109.0,买盘
11:16:08,3.7,0.0,12,4440.0,买盘
11:16:12,3.69,-0.010000000000000231,18,6642.0,卖盘
11:16:15,3.7,0.010000000000000231,40,14793.0,买盘
11:16:21,3.7,0.0,1,370.0,买盘
11:16:24,3.7,0.0,152,56208.0,买盘
11:16:27,3.69,-0.010000000000000231,62,22878.0,卖盘
11:16:30,3.69,0.0,14,5170.0,卖盘
11:16:33,3.7,0.010000000000000231,43,15910.0,买盘
11:16:40,3.69,-0.010000000000000231,8,2952.0,卖盘
11:16:43,3.7,0.010000000000000231,64,23670.0,买盘
11:16:46,3.69,-0.010000000000000231,145,53598.0,卖盘
11:16:50,3.69,0.0,200,73900.0,卖盘
11:16:53,3.69,0.0,374,138006.0,卖盘
11:16:56,3.69,0.0,31,11439.0,买盘
11:17:02,3.69,0.0,304,112176.0,买盘
11:17:09,3.69,0.0,260,95940.0,买盘
11:17:12,3.68,-0.009999999999999787,243,89626.0,卖盘
11:17:15,3.69,0.009999999999999787,2,738.0,买盘
11:17:18,3.68,-0.009999999999999787,11,4051.0,卖盘
11:17:21,3.68,0.0,14,5154.0,卖盘
11:17:27,3.68,0.0,3,1104.0,卖盘
11:17:30,3.69,0.009999999999999787,4,1476.0,买盘
11:17:37,3.68,-0.009999999999999787,32,11776.0,卖盘
11:17:40,3.69,0.009999999999999787,174,64206.0,买盘
11:17:43,3.68,-0.009999999999999787,46,16928.0,卖盘
11:17:47,3.68,0.0,51,18768.0,卖盘
11:17:50,3.69,0.009999999999999787,595,219291.0,买盘
11:17:53,3.68,-0.009999999999999787,66,24353.0,卖盘
11:17:56,3.68,0.0,9,3317.0,卖盘
11:17:59,3.68,0.0,10,3680.0,卖盘
11:18:02,3.69,0.009999999999999787,117,43172.0,买盘
11:18:06,3.69,0.0,54,19926.0,卖盘
11:18:09,3.69,0.0,60,22140.0,卖盘
11:18:12,3.69,0.0,101,37269.0,卖盘
11:18:15,3.69,0.0,93,34317.0,卖盘
11:18:18,3.69,0.0,57,21033.0,卖盘
11:18:21,3.69,0.0,66,24334.0,买盘
11:18:24,3.69,0.0,6,2214.0,买盘
11:18:28,3.68,-0.009999999999999787,17,6263.0,卖盘
11:18:34,3.69,0.009999999999999787,23,8487.0,买盘
11:18:37,3.69,0.0,188,69352.0,买盘
11:18:40,3.68,-0.009999999999999787,20,7366.0,卖盘
11:18:44,3.69,0.009999999999999787,14,5166.0,买盘
11:18:47,3.69,0.0,9,3315.0,买盘
11:18:50,3.69,0.0,16,5903.0,买盘
11:18:53,3.68,-0.009999999999999787,8,2944.0,卖盘
11:18:59,3.68,0.0,77,28354.0,卖盘
11:19:03,3.68,0.0,1650,607202.0,卖盘
11:19:06,3.68,0.0,33,12144.0,买盘
11:19:09,3.67,-0.010000000000000231,40,14710.0,卖盘
11:19:12,3.68,0.010000000000000231,28,10304.0,买盘
11:19:15,3.67,-0.010000000000000231,80,29360.0,卖盘
11:19:18,3.68,0.010000000000000231,217,79851.0,买盘
11:19:21,3.68,0.0,26,9566.0,买盘
11:19:25,3.68,0.0,15,5520.0,买盘
11:19:28,3.68,0.0,30,11040.0,买盘
11:19:34,3.68,0.0,12,4416.0,买盘
11:19:38,3.68,0.0,20,7360.0,买盘
11:19:41,3.68,0.0,49,18002.0,买盘
11:19:44,3.68,0.0,1,368.0,买盘
11:19:50,3.68,0.0,173,63534.0,买盘
11:19:57,3.67,-0.010000000000000231,53,19481.0,卖盘
11:20:03,3.68,0.010000000000000231,36,13268.0,中性盘
11:20:06,3.67,-0.010000000000000231,87,31934.0,卖盘
11:20:09,3.69,0.020000000000000018,157,57898.0,买盘
11:20:12,3.67,-0.020000000000000018,13,4783.0,卖盘
11:20:15,3.67,0.0,172,63130.0,卖盘
11:20:22,3.67,0.0,113,41472.0,卖盘
11:20:25,3.67,0.0,113,41474.0,卖盘
11:20:31,3.67,0.0,184,67528.0,卖盘
11:20:35,3.68,0.010000000000000231,18,6624.0,买盘
11:20:38,3.68,0.0,143,52485.0,买盘
11:20:41,3.68,0.0,20,7360.0,买盘
11:20:44,3.67,-0.010000000000000231,46,16882.0,卖盘
11:20:47,3.67,0.0,110,40470.0,卖盘
11:20:50,3.68,0.010000000000000231,55,20191.0,买盘
11:20:54,3.67,-0.010000000000000231,117,42941.0,卖盘
11:20:57,3.67,0.0,122,44877.0,卖盘
11:21:00,3.67,0.0,334,122593.0,卖盘
11:21:03,3.67,0.0,264,96891.0,卖盘
11:21:06,3.68,0.010000000000000231,116,42658.0,买盘
11:21:09,3.67,-0.010000000000000231,106,38920.0,卖盘
11:21:12,3.68,0.010000000000000231,31,11407.0,买盘
11:21:15,3.67,-0.010000000000000231,91,33397.0,卖盘
11:21:19,3.67,0.0,44,16176.0,卖盘
11:21:22,3.68,0.010000000000000231,38,13955.0,买盘
11:21:25,3.67,-0.010000000000000231,482,177156.0,卖盘
11:21:29,3.67,0.0,1,367.0,买盘
11:21:35,3.66,-0.009999999999999787,100,36685.0,卖盘
11:21:38,3.66,0.0,37,13545.0,卖盘
11:21:41,3.66,0.0,782,286216.0,卖盘
11:21:44,3.66,0.0,55,20153.0,卖盘
11:21:47,3.67,0.009999999999999787,224,81989.0,买盘
11:21:51,3.67,0.0,155,56839.0,买盘
11:21:54,3.67,0.0,29,10632.0,买盘
11:21:57,3.66,-0.009999999999999787,62,22718.0,卖盘
11:22:00,3.67,0.009999999999999787,1,367.0,买盘
11:22:03,3.67,0.0,38,13946.0,买盘
11:22:06,3.67,0.0,368,135046.0,买盘
11:22:09,3.67,0.0,24,8790.0,买盘
11:22:12,3.66,-0.009999999999999787,461,168737.0,卖盘
11:22:16,3.67,0.009999999999999787,41,15029.0,买盘
11:22:19,3.66,-0.009999999999999787,138,50508.0,卖盘
11:22:22,3.67,0.009999999999999787,97,35507.0,买盘
11:22:26,3.67,0.0,246,90282.0,买盘
11:22:29,3.66,-0.009999999999999787,26,9522.0,卖盘
11:22:32,3.66,0.0,6,2196.0,卖盘
11:22:35,3.66,0.0,213,78064.0,卖盘
11:22:38,3.66,0.0,45,16470.0,卖盘
11:22:41,3.66,0.0,20,7320.0,卖盘
11:22:45,3.66,0.0,1,366.0,卖盘
11:22:48,3.66,0.0,12,4393.0,卖盘
11:22:51,3.66,0.0,45,16480.0,卖盘
11:22:54,3.67,0.009999999999999787,204,74708.0,买盘
11:22:57,3.66,-0.009999999999999787,353,129198.0,卖盘
11:23:00,3.67,0.009999999999999787,431,157847.0,买盘
11:23:03,3.67,0.0,158,57858.0,买盘
11:23:06,3.66,-0.009999999999999787,240,88020.0,卖盘
11:23:09,3.67,0.009999999999999787,109,39897.0,买盘
11:23:13,3.66,-0.009999999999999787,20,7332.0,卖盘
11:23:16,3.66,0.0,7,2562.0,卖盘
11:23:19,3.66,0.0,416,152256.0,卖盘
11:23:23,3.67,0.009999999999999787,308,113030.0,买盘
11:23:26,3.67,0.0,40,14642.0,买盘
11:23:29,3.69,0.020000000000000018,1692,623865.0,买盘
11:23:32,3.69,0.0,80,29550.0,卖盘
11:23:35,3.69,0.0,346,127674.0,卖盘
11:23:38,3.69,0.0,29,10701.0,卖盘
11:23:41,3.69,0.0,18,6642.0,卖盘
11:23:45,3.69,0.0,28,10340.0,卖盘
11:23:48,3.69,0.0,97,35815.0,卖盘
11:23:51,3.69,0.0,11,4059.0,卖盘
11:23:54,3.7,0.010000000000000231,1542,570479.0,买盘
11:23:57,3.69,-0.010000000000000231,37,13675.0,卖盘
11:24:00,3.7,0.010000000000000231,9,3329.0,买盘
11:24:03,3.7,0.0,116,42975.0,卖盘
11:24:07,3.7,0.0,37,13690.0,卖盘
11:24:10,3.72,0.020000000000000018,2301,855635.0,买盘
11:24:13,3.72,0.0,20,7440.0,卖盘
11:24:17,3.73,0.009999999999999787,392,146200.0,买盘
11:24:20,3.72,-0.009999999999999787,132,49107.0,卖盘
11:24:23,3.73,0.009999999999999787,8,2979.0,买盘
11:24:26,3.73,0.0,106,39477.0,买盘
11:24:29,3.73,0.0,65,24217.0,买盘
11:24:32,3.73,0.0,362,135016.0,买盘
11:24:36,3.73,0.0,25,9325.0,卖盘
11:24:39,3.73,0.0,33,12309.0,卖盘
11:24:42,3.73,0.0,232,86542.0,卖盘
11:24:45,3.74,0.010000000000000231,529,197481.0,买盘
11:24:48,3.73,-0.010000000000000231,263,98268.0,卖盘
11:24:51,3.76,0.029999999999999805,8898,3336294.0,买盘
11:24:54,3.74,-0.019999999999999574,229,85795.0,卖盘
11:24:57,3.76,0.019999999999999574,274,102909.0,买盘
11:25:00,3.76,0.0,467,175492.0,买盘
11:25:04,3.75,-0.009999999999999787,170,63859.0,卖盘
11:25:07,3.74,-0.009999999999999787,135,50684.0,卖盘
11:25:11,3.76,0.019999999999999574,110,41277.0,买盘
11:25:14,3.75,-0.009999999999999787,163,61017.0,卖盘
11:25:17,3.75,0.0,307,114933.0,买盘
11:25:20,3.75,0.0,552,206888.0,买盘
11:25:23,3.75,0.0,201,75206.0,买盘
11:25:26,3.75,0.0,117,43850.0,买盘
11:25:33,3.73,-0.020000000000000018,7,2613.0,卖盘
11:25:36,3.75,0.020000000000000018,1734,649990.0,买盘
11:25:39,3.73,-0.020000000000000018,286,106676.0,卖盘
11:25:45,3.73,0.0,176,65646.0,买盘
11:25:48,3.73,0.0,9,3349.0,买盘
11:25:51,3.73,0.0,188,70124.0,买盘
11:25:54,3.73,0.0,15,5595.0,买盘
11:25:58,3.73,0.0,79,29467.0,买盘
11:26:04,3.74,0.010000000000000231,39,14585.0,买盘
11:26:08,3.73,-0.010000000000000231,155,57815.0,卖盘
11:26:11,3.73,0.0,45,16785.0,卖盘
11:26:14,3.73,0.0,64,23870.0,买盘
11:26:17,3.73,0.0,42,15666.0,买盘
11:26:20,3.73,0.0,50,18650.0,卖盘
11:26:24,3.73,0.0,2,746.0,卖盘
11:26:27,3.74,0.010000000000000231,118,44112.0,买盘
11:26:30,3.73,-0.010000000000000231,22,8211.0,卖盘
11:26:33,3.73,0.0,57,21262.0,卖盘
11:26:36,3.73,0.0,11,4104.0,卖盘
11:26:39,3.73,0.0,167,62333.0,卖盘
11:26:42,3.73,0.0,19,7087.0,卖盘
11:26:45,3.74,0.010000000000000231,34,12687.0,买盘
11:26:49,3.73,-0.010000000000000231,100,37300.0,卖盘
11:26:52,3.73,0.0,92,34317.0,卖盘
11:26:55,3.73,0.0,80,29840.0,买盘
11:26:58,3.73,0.0,32,11936.0,买盘
11:27:02,3.73,0.0,11,4103.0,买盘
11:27:05,3.73,0.0,158,58926.0,买盘
11:27:08,3.73,0.0,43,16007.0,买盘
11:27:11,3.72,-0.009999999999999787,75,27900.0,卖盘
11:27:14,3.72,0.0,23,8556.0,买盘
11:27:17,3.72,0.0,87,32364.0,买盘
11:27:21,3.72,0.0,55,20410.0,买盘
11:27:24,3.71,-0.010000000000000231,23,8542.0,卖盘
11:27:27,3.71,0.0,18,6679.0,卖盘
11:27:30,3.72,0.010000000000000231,55,20460.0,买盘
11:27:33,3.71,-0.010000000000000231,85,31540.0,卖盘
11:27:39,3.71,0.0,8,2971.0,卖盘
11:27:42,3.71,0.0,69,25616.0,卖盘
11:27:46,3.72,0.010000000000000231,60,22270.0,买盘
11:27:49,3.72,0.0,98,36384.0,买盘
11:27:52,3.71,-0.010000000000000231,61,22634.0,卖盘
11:27:56,3.71,0.0,60,22270.0,卖盘
11:27:59,3.71,0.0,59,21889.0,卖盘
11:28:02,3.71,0.0,212,78652.0,买盘
11:28:05,3.72,0.010000000000000231,1,372.0,买盘
11:28:08,3.71,-0.010000000000000231,13,4823.0,卖盘
11:28:11,3.71,0.0,29,10759.0,卖盘
11:28:15,3.71,0.0,34,12614.0,卖盘
11:28:18,3.72,0.010000000000000231,20,7430.0,买盘
11:28:21,3.71,-0.010000000000000231,122,45262.0,卖盘
11:28:24,3.71,0.0,22,8162.0,卖盘
11:28:27,3.71,0.0,20,7420.0,买盘
11:28:30,3.71,0.0,68,25228.0,买盘
11:28:33,3.71,0.0,73,27083.0,买盘
11:28:43,3.71,0.0,14,5181.0,买盘
11:28:49,3.71,0.0,4,1481.0,买盘
11:28:53,3.71,0.0,36,13341.0,买盘
11:28:56,3.7,-0.009999999999999787,52,19240.0,卖盘
11:28:59,3.7,0.0,9,3330.0,卖盘
11:29:02,3.71,0.009999999999999787,34,12601.0,买盘
11:29:05,3.71,0.0,665,246056.0,买盘
11:29:08,3.7,-0.009999999999999787,136,50362.0,卖盘
11:29:12,3.71,0.009999999999999787,7,2597.0,买盘
11:29:15,3.71,0.0,21,7791.000000059605,买盘
11:29:18,3.7,-0.009999999999999787,25,9270.0,卖盘
11:29:21,3.7,0.0,75,27809.0,卖盘
11:29:24,3.71,0.009999999999999787,215,79779.0,买盘
11:29:27,3.7,-0.009999999999999787,100,37002.0,卖盘
11:29:30,3.71,0.009999999999999787,36,13356.0,中性盘
11:29:33,3.71,0.0,30,11130.0,卖盘
11:29:37,3.7,-0.009999999999999787,31,11481.0,卖盘
11:29:40,3.71,0.009999999999999787,249,92379.0,买盘
11:29:50,3.71,0.0,35,12985.0,买盘
11:29:53,3.71,0.0,136,50456.0,买盘
11:29:56,3.71,0.0,188,69748.0,卖盘
11:29:59,3.71,0.0,1,371.0,卖盘
13:00:01,3.71,0.009999999999999787,756,279792.0,买盘
13:00:06,3.71,0.0,4924,1822814.0,买盘
13:00:09,3.7,-0.009999999999999787,413,152861.0,卖盘
13:00:12,3.7,0.0,153,56578.0,买盘
13:00:15,3.7,0.0,133,49149.0,买盘
13:00:18,3.7,0.0,201,74370.0,买盘
13:00:21,3.7,0.0,430,158895.0,买盘
13:00:27,3.69,-0.010000000000000231,110,40580.0,买盘
13:00:30,3.68,-0.009999999999999787,62,22838.0,卖盘
13:00:34,3.69,0.009999999999999787,40,14760.0,买盘
13:00:37,3.69,0.0,403,148697.0,买盘
13:00:40,3.69,0.0,101,37269.0,卖盘
13:00:44,3.69,0.0,205,75645.0,卖盘
13:00:47,3.69,0.0,24,8856.0,卖盘
13:00:50,3.69,0.0,21,7751.0,卖盘
13:00:53,3.7,0.010000000000000231,37,13677.0,买盘
13:00:56,3.69,-0.010000000000000231,155,57195.0,卖盘
13:00:59,3.7,0.010000000000000231,129,47730.0,买盘
13:01:03,3.69,-0.010000000000000231,64,23616.0,卖盘
13:01:06,3.7,0.010000000000000231,58,21417.0,买盘
13:01:09,3.69,-0.010000000000000231,61,22519.0,卖盘
13:01:12,3.7,0.010000000000000231,20,7400.0,买盘
13:01:15,3.7,0.0,22,8130.0,买盘
13:01:18,3.7,0.0,295,109150.0,买盘
13:01:21,3.7,0.0,8,2955.0,买盘
13:01:24,3.69,-0.010000000000000231,60,22164.0,卖盘
13:01:27,3.7,0.010000000000000231,5,1850.0,买盘
13:01:31,3.7,0.0,101,37370.0,买盘
13:01:34,3.69,-0.010000000000000231,41,15129.0,卖盘
13:01:37,3.7,0.010000000000000231,50,18500.0,买盘
13:01:44,3.7,0.0,438,162060.0,买盘
13:01:47,3.7,0.0,75,27750.0,卖盘
13:01:50,3.7,0.0,39,14430.0,卖盘
13:01:53,3.7,0.0,46,17020.0,卖盘
13:01:56,3.71,0.009999999999999787,108,39972.0,买盘
13:02:00,3.7,-0.009999999999999787,31,11470.0,卖盘
13:02:03,3.71,0.009999999999999787,4,1482.0,买盘
13:02:06,3.71,0.0,402,149087.0,买盘
13:02:09,3.71,0.0,79,29302.0,买盘
13:02:12,3.71,0.0,45,16685.0,买盘
13:02:15,3.71,0.0,336,124636.0,买盘
13:02:18,3.71,0.0,109,40415.0,买盘
13:02:21,3.71,0.0,57,21147.0,买盘
13:02:25,3.71,0.0,181,67149.0,买盘
13:02:28,3.71,0.0,29,10758.0,卖盘
13:02:31,3.71,0.0,38,14096.0,买盘
13:02:34,3.71,0.0,57,21147.0,买盘
13:02:38,3.71,0.0,155,57505.0,卖盘
13:02:41,3.72,0.010000000000000231,66,24537.0,买盘
13:02:44,3.71,-0.010000000000000231,7,2597.0,卖盘
13:02:47,3.72,0.010000000000000231,9,3348.0,买盘
13:02:50,3.71,-0.010000000000000231,26,9660.0,卖盘
13:02:53,3.72,0.010000000000000231,11,4091.0,买盘
13:02:57,3.71,-0.010000000000000231,2,742.0,卖盘
13:03:00,3.71,0.0,187,69455.0,卖盘
13:03:03,3.72,0.010000000000000231,177,65833.0,买盘
13:03:06,3.72,0.0,460,171091.0,买盘
13:03:09,3.73,0.009999999999999787,77,28650.0,买盘
13:03:12,3.73,0.0,314,116916.0,买盘
13:03:18,3.73,0.0,357,133161.0,买盘
13:03:21,3.73,0.0,163,60798.0,买盘
13:03:25,3.73,0.0,47,17531.0,买盘
13:03:28,3.73,0.0,49,18277.0,买盘
13:03:31,3.73,0.0,6,2238.0,卖盘
13:03:35,3.73,0.0,28,10444.0,买盘
13:03:38,3.73,0.0,92,34316.0,买盘
13:03:41,3.72,-0.009999999999999787,73,27219.0,卖盘
13:03:44,3.73,0.009999999999999787,57,21257.0,买盘
13:03:47,3.72,-0.009999999999999787,1,372.0,卖盘
13:03:50,3.73,0.009999999999999787,67,24991.0,买盘
13:03:54,3.73,0.0,700,261100.0,买盘
13:03:57,3.73,0.0,83,30950.0,买盘
13:04:00,3.73,0.0,128,47723.0,卖盘
13:04:03,3.74,0.010000000000000231,61,22756.0,买盘
13:04:06,3.73,-0.010000000000000231,87,32451.0,卖盘
13:04:09,3.72,-0.009999999999999787,128,47687.0,卖盘
13:04:12,3.73,0.009999999999999787,202,75246.0,买盘
13:04:15,3.72,-0.009999999999999787,3954,1480899.0,卖盘
13:04:18,3.73,0.009999999999999787,30,11190.0,中性盘
13:04:21,3.72,-0.009999999999999787,231,85989.0,卖盘
13:04:28,3.73,0.009999999999999787,51,19018.0,买盘
13:04:31,3.72,-0.009999999999999787,273,101791.0,卖盘
13:04:35,3.73,0.009999999999999787,96,35808.0,买盘
13:04:38,3.73,0.0,113,42046.0,买盘
13:04:41,3.73,0.0,30,11190.0,买盘
13:04:44,3.73,0.0,42,15664.0,买盘
13:04:47,3.73,0.0,13,4846.0,买盘
13:04:50,3.73,0.0,18,6713.0,买盘
13:04:54,3.73,0.0,68,25306.0,买盘
13:04:57,3.72,-0.009999999999999787,15,5580.0,卖盘
13:05:00,3.73,0.009999999999999787,60,22351.0,买盘
13:05:03,3.72,-0.009999999999999787,151,56319.0,卖盘
13:05:06,3.72,0.0,326,121272.0,卖盘
13:05:09,3.73,0.009999999999999787,174,64805.0,买盘
13:05:12,3.73,0.0,203,75716.0,买盘
13:05:15,3.73,0.0,431,160422.0,买盘
13:05:18,3.72,-0.009999999999999787,7,2604.0,卖盘
13:05:22,3.72,0.0,179,66588.0,卖盘
13:05:25,3.73,0.009999999999999787,303,112860.0,买盘
13:05:28,3.72,-0.009999999999999787,138,51336.0,卖盘
13:05:31,3.71,-0.010000000000000231,60,22286.0,卖盘
13:05:38,3.71,0.0,1002,371742.0,卖盘
13:05:41,3.71,0.0,94,34898.0,卖盘
13:05:44,3.71,0.0,102,37842.0,卖盘
13:05:47,3.71,0.0,71,26341.0,卖盘
13:05:50,3.72,0.010000000000000231,20,7423.0,买盘
13:05:54,3.71,-0.010000000000000231,110,40810.0,卖盘
13:05:57,3.71,0.0,3,1113.0,买盘
13:06:00,3.71,0.0,156,57876.0,买盘
13:06:03,3.71,0.0,15,5565.0,买盘
13:06:06,3.71,0.0,3,1113.0,买盘
13:06:09,3.7,-0.009999999999999787,700,259119.0,卖盘
13:06:12,3.7,0.0,10,3700.0,卖盘
13:06:15,3.7,0.0,36,13322.0,卖盘
13:06:18,3.7,0.0,12,4440.0,卖盘
13:06:22,3.71,0.009999999999999787,66,24436.0,买盘
13:06:25,3.7,-0.009999999999999787,134,49698.0,卖盘
13:06:28,3.71,0.009999999999999787,32,11852.0,买盘
13:06:32,3.71,0.0,1,371.0,买盘
13:06:35,3.7,-0.009999999999999787,30,11100.0,卖盘
13:06:38,3.7,0.0,1,370.0,卖盘
13:06:41,3.7,0.0,144,53290.0,卖盘
13:06:44,3.7,0.0,12,4440.0,卖盘
13:06:47,3.7,0.0,29,10730.0,卖盘
13:06:50,3.7,0.0,17,6290.0,卖盘
13:06:54,3.71,0.009999999999999787,33,12220.0,买盘
13:06:57,3.7,-0.009999999999999787,8,2960.0,卖盘
13:07:00,3.7,0.0,183,67710.0,卖盘
13:07:03,3.7,0.0,232,85840.0,卖盘
13:07:06,3.7,0.0,32,11840.0,卖盘
13:07:09,3.71,0.009999999999999787,133,49261.0,买盘
13:07:12,3.71,0.0,71,26295.0,买盘
13:07:15,3.7,-0.009999999999999787,62,22940.0,卖盘
13:07:19,3.7,0.0,65,24050.0,卖盘
13:07:22,3.71,0.009999999999999787,5,1855.0,买盘
13:07:25,3.71,0.0,72,26643.0,买盘
13:07:29,3.7,-0.009999999999999787,23,8510.0,卖盘
13:07:32,3.7,0.0,106,39220.0,卖盘
13:07:35,3.7,0.0,117,43290.0,买盘
13:07:41,3.7,0.0,1,370.0,买盘
13:07:44,3.69,-0.010000000000000231,5,1845.0,卖盘
13:07:48,3.69,0.0,15,5535.0,卖盘
13:07:51,3.71,0.020000000000000018,1000,370666.0,买盘
13:07:57,3.7,-0.009999999999999787,12,4439.0,买盘
13:08:00,3.7,0.0,1001,372163.0,买盘
13:08:03,3.73,0.029999999999999805,1021,380492.0,买盘
13:08:06,3.7,-0.029999999999999805,431,159328.0,卖盘
13:08:09,3.7,0.0,1040,387722.0,卖盘
13:08:12,3.7,0.0,3,1110.0,卖盘
13:08:15,3.73,0.029999999999999805,472,175970.0,买盘
13:08:19,3.73,0.0,208,77784.0,卖盘
13:08:22,3.73,0.0,105,39172.0,卖盘
13:08:26,3.76,0.029999999999999805,2968,1113295.0,买盘
13:08:29,3.76,0.0,1129,424438.0,买盘
13:08:32,3.74,-0.019999999999999574,120,44881.0,卖盘
13:08:35,3.75,0.009999999999999787,10,3748.0,买盘
13:08:38,3.76,0.009999999999999787,14,5255.0,买盘
13:08:41,3.75,-0.009999999999999787,165,61865.0,中性盘
13:08:44,3.74,-0.009999999999999787,106,39669.0,卖盘
13:08:48,3.74,0.0,886,332008.0,卖盘
13:08:51,3.74,0.0,10,3740.0,买盘
13:08:54,3.74,0.0,12,4488.0,买盘
13:08:57,3.74,0.0,164,61336.0,买盘
13:09:00,3.74,0.0,211,78914.0,买盘
13:09:06,3.74,0.0,1440,537538.0,买盘
13:09:09,3.74,0.0,1,374.0,卖盘
13:09:13,3.75,0.009999999999999787,381,142871.0,买盘
13:09:16,3.75,0.0,182,68250.0,买盘
13:09:19,3.75,0.0,43,16095.0,买盘
13:09:22,3.75,0.0,10,3750.0,买盘
13:09:26,3.75,0.0,117,43845.0,买盘
13:09:29,3.75,0.0,63,23625.0,买盘
13:09:32,3.75,0.0,36,13500.0,买盘
13:09:35,3.74,-0.009999999999999787,6,2245.0,卖盘
13:09:38,3.74,0.0,487,182500.0,卖盘
13:09:41,3.75,0.009999999999999787,56,21000.0,买盘
13:09:45,3.75,0.0,28,10492.0,买盘
13:09:48,3.75,0.0,122,45650.0,买盘
13:09:51,3.75,0.0,50,18716.0,买盘
13:09:54,3.75,0.0,915,343125.0,买盘
13:09:57,3.75,0.0,30,11225.0,买盘
13:10:00,3.75,0.0,65,24347.0,买盘
13:10:03,3.75,0.0,161,60270.0,买盘
13:10:06,3.75,0.0,353,132212.0,买盘
13:10:09,3.75,0.0,47,17625.0,买盘
13:10:13,3.75,0.0,60,22492.0,买盘
13:10:16,3.75,0.0,121,45289.0,买盘
13:10:20,3.75,0.0,34,12720.0,买盘
13:10:23,3.75,0.0,263,98603.0,买盘
13:10:26,3.74,-0.009999999999999787,105,39275.0,卖盘
13:10:29,3.75,0.009999999999999787,296,110718.0,买盘
13:10:32,3.74,-0.009999999999999787,41,15334.0,卖盘
13:10:35,3.75,0.009999999999999787,57,21322.0,买盘
13:10:39,3.74,-0.009999999999999787,47,17578.0,卖盘
13:10:42,3.74,0.0,4,1496.0,卖盘
13:10:45,3.75,0.009999999999999787,41,15336.0,买盘
13:10:48,3.74,-0.009999999999999787,127,47616.0,卖盘
13:10:51,3.74,0.0,33,12343.0,卖盘
13:10:54,3.74,0.0,514,192688.0,卖盘
13:10:57,3.74,0.0,203,76075.0,卖盘
13:11:00,3.74,0.0,74,27677.0,卖盘
13:11:04,3.75,0.009999999999999787,19,7119.0,买盘
13:11:07,3.74,-0.009999999999999787,337,126038.0,卖盘
13:11:10,3.74,0.0,51,19074.0,卖盘
13:11:13,3.73,-0.010000000000000231,115,43008.0,卖盘
13:11:17,3.74,0.010000000000000231,2,748.0,买盘
13:11:20,3.74,0.0,10,3740.0,买盘
13:11:23,3.73,-0.010000000000000231,280,104440.0,卖盘
13:11:26,3.72,-0.009999999999999787,91,33872.0,卖盘
13:11:29,3.73,0.009999999999999787,756,282006.0,买盘
13:11:32,3.73,0.0,160,59681.0,卖盘
13:11:36,3.73,0.0,54,20142.0,卖盘
13:11:39,3.73,0.0,337,125785.0,卖盘
13:11:42,3.72,-0.009999999999999787,18,6708.0,卖盘
13:11:45,3.73,0.009999999999999787,5,1861.0,买盘
13:11:48,3.73,0.0,14,5214.0,买盘
13:11:51,3.73,0.0,66,24572.0,买盘
13:11:54,3.73,0.0,221,82233.0,买盘
13:11:57,3.72,-0.009999999999999787,224,83328.0,卖盘
13:12:01,3.71,-0.010000000000000231,193,71661.0,卖盘
